3228 4982
536 494 739 559 Maximiani
762 495 911 560 Ennouu.

200 645 260 709 His
275 644 366 709 dictis
379 656 491 709 trunco
504 645 676 710 titubantes
690 646 822 711 sustinet
836 657 930 723 artus,

242 747 389 830 Neglecti
404 757 547 832 repetens
562 748 711 813 stramina
726 750 805 814 dura
818 748 887 814 tori.

200 849 273 924 Quo
287 861 453 936 postquam
463 850 574 936 jacuit,
589 850 703 915 misero
719 852 797 939 quid
810 851 920 916 fimare
935 850 1055 916 differt:

244 952 319 1016 Heu
334 962 458 1016 tanturn
473 952 570 1017 attriti
586 955 720 1038 corporis
735 976 803 1018 ossa
816 955 913 1019 vides.

200 1055 346 1141 Cumque
361 1055 461 1138 magis
470 1055 595 1139 jaceam
611 1077 736 1141 semper
749 1055 915 1143 vivamque
928 1056 1074 1141 jacenda,

243 1156 323 1231 Quis
338 1158 396 1221 sub
412 1156 499 1220 vitali
513 1180 567 1221 me
581 1167 672 1242 putet
686 1180 752 1222 esse
768 1156 860 1222 loco?

197 1258 269 1322 Jam
284 1281 381 1344 poena
394 1268 441 1322 est
455 1269 557 1341 totum
573 1259 658 1345 quod
671 1259 821 1324 vivimus:
845 1259 965 1324 urimur
980 1270 1068 1336 aestu,

242 1359 395 1425 Officiunt
409 1360 545 1437 nebulae,
562 1360 659 1445 frigus
673 1372 707 1424 et
721 1385 798 1426 aura
812 1373 944 1427 nocent:

200 1461 264 1526 Ros
279 1461 377 1537 laedit,
392 1462 579 1549 modicoque
595 1463 690 1528 etiarn
706 1464 935 1550 corrumpimur
949 1464 1067 1538 imbre:

241 1563 334 1628 Veris
349 1575 381 1627 et
395 1564 539 1628 autumni
554 1565 642 1629 laedit
656 1588 782 1630 amoena
796 1565 872 1630 dies.

199 1665 286 1730 Hinc
300 1665 428 1730 miseros
443 1665 571 1742 scabies,
587 1666 661 1730 hinc
675 1667 767 1730 tussis
782 1667 896 1731 anhela
910 1666 1036 1751 fatigat:
1183 1673 1248 1732 245

243 1768 415 1833 Continuos
430 1768 566 1852 gemitus
581 1791 666 1853 aegra
680 1780 824 1833 senectus
838 1768 944 1833 habet.

200 1855 269 1935 Hos
282 1892 443 1956 superesse
457 1892 536 1946 rear,
553 1870 667 1956 quibus
682 1881 715 1934 et
728 1869 881 1956 spirabilis
896 1873 959 1947 aer,

241 1973 284 2036 Et
298 1971 362 2048 lux,
378 1995 442 2059 qua
457 1971 605 2056 regimur,
622 1971 763 2036 redditur
777 1972 844 2057 ipsa
858 1971 984 2057 gravis?

199 2075 270 2160 Ipse
286 2074 391 2149 etiam,
408 2073 528 2138 cunctis
543 2073 667 2159 requies
681 2074 865 2158 gratissima,
882 2097 1009 2139 somnus

243 2175 367 2252 Avolat,
385 2185 417 2240 et
432 2198 502 2240 sera
515 2175 567 2239 vix
582 2175 660 2239 mihi
676 2186 769 2240 nocte
783 2175 874 2240 redit.

197 2276 259 2342 Vel
274 2277 300 2340 si
314 2277 440 2343 lassatos
454 2299 596 2365 unquam
611 2277 793 2362 dignabitur
806 2287 901 2354 artua

241 2379 403 2444 Turbidus
417 2379 498 2444 heu!
520 2379 645 2467 quantis
660 2380 766 2443 horret
780 2379 993 2464 imaginibus?

199 2481 313 2546 Mollia
326 2482 427 2546 fulcra
440 2483 500 2547 tori
515 2481 601 2545 duris
616 2493 689 2545 sunt
704 2482 847 2546 cautibus
862 2504 971 2568 aequa:

224 2650 226 2655 ,
243 2583 345 2648 Parva
358 2583 441 2660 licet,
457 2605 609 2666 magnum
624 2583 720 2668 pallia
733 2583 856 2667 pondus
871 2582 999 2647 habent.
1021 2587 1029 2596 '

198 2686 303 2769 Cogor
316 2708 373 2770 per
387 2682 526 2749 mediam
540 2681 684 2748 turbatus
699 2706 825 2768 surgere
841 2695 977 2763 noctem,

242 2786 420 2874 Multaque,
437 2810 477 2851 ne
492 2787 594 2873 patiar
608 2787 773 2864 deteriora,
789 2789 864 2873 pati.

198 2888 365 2953 Vincimur
378 2889 495 2980 infirrni
510 2891 637 2969 defectu
652 2891 797 2975 corporis,
814 2901 847 2954 et
861 2913 925 2978 qua

241 2991 417 3067 Noluerim‚
433 2990 543 3053 infelix
557 2991 617 3054 hac
631 3013 690 3074 ego
704 3001 794 3076 parte
808 2991 924 3055 trahor.

199 3095 317 3160 Omnia
331 3103 453 3158 naturae
468 3091 631 3156 solvimtur
645 3091 763 3156 viscera
777 3103 901 3169 nostrae,

242 3196 285 3259 Et
299 3206 365 3260 tarn
380 3193 567 3280 praeclarum
582 3215 679 3280 quam
693 3194 776 3258 male
791 3204 883 3259 nutat
898 3195 995 3280 opus!

199 3297 260 3361 His
274 3298 403 3362 veniens
418 3307 547 3362 onerata
560 3297 651 3361 malis
666 3297 796 3362 incurva
811 3307 964 3375 senectus,

242 3399 365 3465 Cedere
379 3401 571 3486 ponderibus
585 3423 618 3464 se
633 3400 725 3465 docet
740 3400 807 3486 ipsa
821 3401 892 3465 suis.

199 3501 284 3586 Ergo
299 3503 368 3590 quis
382 3502 438 3567 has
454 3502 560 3587 cupiat
573 3524 631 3586 per
645 3501 775 3585 longum
790 3502 906 3566 ducere
920 3501 1053 3587 poenas?

242 3604 475 3691 Paullatimque
491 3602 597 3666 anima
612 3602 779 3666 deficiente
793 3601 898 3665 mori?

199 3704 306 3770 Morte
320 3705 401 3770 mori
414 3705 537 3782 melius,
554 3727 650 3792 quam
665 3703 762 3768 vitain
777 3704 893 3768 ducere
908 3703 1026 3780 mortis,

242 3808 285 3871 Et
299 3829 407 3872 sensus
421 3808 571 3873 membris
585 3807 629 3872 sic
644 3807 775 3893 sepelire
791 3807 862 3872 suis.

199 3909 272 3973 Non
287 3932 411 3996 queror,
427 3910 511 3974 heui
532 3909 618 3993 longi
633 3910 719 3996 quod
732 3919 833 3974 toturn
849 3909 965 3975 solvitis
980 3910 1064 3986 anni,

241 4011 391 4096 Improba
405 4021 526 4076 naturae
542 4010 646 4075 dicere
657 4011 745 4095 jussa
758 4009 855 4075 nefas.

200 4112 363 4176 Deficiunt
378 4113 472 4177 validi
489 4113 631 4197 longaevo
646 4123 787 4198 ternpore
802 4112 901 4178 tauri:
