3228 4982
562 375 767 444 Mammam
785 377 934 446 Essem.

266 520 417 600 Abstulit,
433 536 466 590 et
480 525 633 592 blandum
648 540 747 593 terror
761 530 880 595 ademit
894 553 983 616 opust

222 624 427 690 Contrectare
442 650 539 692 manu
555 630 651 714 ooepit
665 631 811 715 frigentia
824 635 978 710 membra¹

266 725 389 812 Meque
404 729 499 793 etiam
514 730 619 815 digitis
634 731 799 796 sollicitare
813 733 886 798 suis.

223 825 278 890 Nil
292 827 372 891 mihi
386 831 531 916 torpenti,
547 832 593 896 nil
607 843 709 898 tactus
723 834 840 920 profuit
854 835 924 911 illis,

266 928 395 994 Restitit
409 930 442 995 in
457 933 563 997 medio
577 933 674 1018 frigus
688 945 725 998 ut
739 946 813 999 ante
828 935 906 1000 foco.

221 1031 304 1106 Quae
319 1042 351 1096 te
367 1033 502 1097 crudelis
516 1034 620 1120 rapuit
633 1036 712 1099 mihi
728 1037 869 1101 femina?
891 1037 988 1104 dixit:

264 1132 363 1217 Cujus
378 1135 418 1198 ab
434 1135 584 1220 amplexu
598 1137 696 1200 fessus
711 1138 753 1201 ad
767 1161 855 1203 arma
868 1137 975 1202 redis?

217 1229 370 1299 Jurabam
385 1235 466 1299 curis
481 1237 623 1300 animum
637 1237 836 1302 mordacibus
851 1239 917 1316 uri;

263 1335 333 1400 Nec
347 1359 436 1422 posse
451 1337 493 1401 ad
507 1337 617 1401 luxum
631 1338 731 1403 tristia
746 1340 840 1404 corda
854 1340 945 1405 trahi.

217 1435 277 1500 llla
291 1436 399 1501 dolum
415 1438 561 1502 credens:
588 1439 665 1530 Non¹
677 1439 774 1516 falles,
792 1440 903 1527 inquit,
919 1452 1090 1518 amantem,

263 1538 406 1603 Plurima
420 1562 523 1603 coecus
538 1563 626 1604 amor
640 1541 761 1606 lumina
775 1565 898 1628 semper
912 1544 1018 1608 habet.

218 1639 306 1714 Quin
320 1640 424 1724 potius
438 1640 553 1725 placito
568 1641 633 1705 noli
648 1663 789 1727 unquam
803 1666 931 1728 parcere
946 1645 1031 1720 lude,

262 1740 385 1825 Projioe
400 1741 548 1817 tristitias,
564 1753 597 1805 et
611 1764 760 1806 renovare
771 1745 860 1828 jocis.

217 1841 410 1906 Obtundunt
424 1842 581 1929 siquidem
596 1865 741 1907 curarum
756 1845 896 1930 pondera
910 1869 1033 1910 sensus:

261 1943 444 2008 Intermissa
457 1944 563 2008 minus
577 1945 699 2009 sarcina
712 1945 835 2032 pondus
849 1948 954 2012 habet.

215 2043 310 2107 Tunc
325 2056 451 2128 egomet
465 2055 531 2110 toto
546 2046 681 2110 nudatus
696 2069 824 2133 corpore
839 2047 931 2126 lecto,

260 2145 375 2210 Effusis
389 2145 526 2210 lacrimis
540 2146 616 2211 talia
630 2149 728 2212 verba
741 2148 825 2212 dedi.

215 2247 369 2331 Cogimur
383 2247 446 2312 heu
462 2270 572 2332 segnes
587 2248 717 2326 crimen,
733 2249 907 2336 vitiumque
923 2251 1023 2326 fateri,

258 2349 310 2412 Ne
324 2372 415 2413 meus
429 2350 598 2415 exstinctus
614 2351 693 2415 fortc
708 2362 836 2437 putetur
850 2375 947 2416 amor.

215 2449 274 2514 Me
289 2450 439 2515 miserum
454 2452 543 2536 cujus
557 2475 621 2516 non
636 2463 684 2516 est
697 2453 855 2538 culpanda
868 2453 1021 2528 voluntas,

256 2551 386 2615 Judicor
400 2551 510 2615 infelix
524 2551 694 2616 debilitatis
709 2575 779 2637 ope.

215 2651 266 2716 En
281 2652 374 2736 longo
389 2652 532 2716 confecta
546 2652 607 2716 situ
622 2653 680 2716 tibi
694 2652 846 2717 tradimus
861 2675 958 2730 arma,

256 2754 357 2817 Arma
370 2753 548 2818 ministeriis
563 2754 679 2841 quippe
695 2754 799 2820 dicata
813 2755 884 2819 tuis

213 2851 277 2917 Fac
293 2855 502 2941 quodcunque
517 2867 616 2940 potes,
631 2879 688 2920 nos
703 2857 861 2921 cedimus:
883 2855 1066 2920 hortamen
1081 2857 1147 2942 ipse

219 2951 223 2962 ’
253 2955 414 3019 Grandior
429 2966 476 3019 est
489 2955 595 3031 hostis,
611 2956 793 3042 quominus
808 2956 898 3019 ardet
912 2977 1008 3022 amor.
1219 2961 1261 3018 80

213 3055 359 3120 Protinus
375 3056 509 3140 Argivas
524 3055 663 3120 admovit
677 3055 810 3142 turpiter
824 3067 916 3133 artes,

256 3157 377 3244 Meque
392 3159 479 3244 cupit
493 3158 627 3224 flammis
642 3158 799 3223 vivificare
814 3159 886 3224 suis.

212 3258 272 3321 Ast
285 3258 341 3322 ubi
356 3257 463 3323 dilecti
477 3259 629 3345 persensit
643 3259 755 3324 funera
768 3260 914 3336 membri,

255 3359 325 3423 Nec
339 3360 427 3425 velut
441 3361 616 3447 expositum
630 3384 758 3446 surgere
773 3361 853 3426 vidit
866 3384 955 3439 onus,

211 3460 359 3544 Erigitur,
375 3462 532 3548 viduaque
547 3472 615 3527 toro
628 3460 746 3526 laniata
760 3465 956 3539 recumbens
1219 3471 1261 3528 85
1338 3459 1341 3466 ’

253 3562 392 3626 Vocibus
406 3561 454 3624 his
468 3560 571 3625 luctus
585 3571 619 3624 et
632 3583 689 3625 sua
703 3562 820 3626 damna
833 3562 934 3627 fovet:

210 3662 359 3727 Mentula
372 3664 522 3727 festorum
538 3663 651 3728 cultrix
665 3683 795 3750 operosa
807 3664 942 3740 dierum,

252 3764 423 3838 Quondam
438 3764 566 3841 divitiae,
582 3763 768 3851 deliciaeque
783 3787 875 3832 meae.

209 3865 283 3939 Quo
298 3876 330 3929 te
345 3865 502 3950 dejectam
517 3864 716 3930 lacrimarum
732 3865 855 3950 gurgite
870 3865 1042 3951 plangam?

251 3966 336 4040 Quae
350 3966 391 4030 de
406 3977 453 4032 tot
466 3964 586 4031 meritis
601 3963 741 4033 earmina
754 3965 850 4049 digna
864 3964 987 4030 feram?
1218 3973 1260 4030 90

707 4087 727 4128 rs
742 4071 763 4128 2
