3228 4982
420 943 517 1028 ΙΙΙ.
558 944 969 1032 MAXIMIANI
1016 948 1325 1034 ETRUSCI

605 1134 935 1201 suesionum
964 1111 1139 1201 Linus.

769 1502 915 1561 ELEG.
943 1504 968 1560 Ι.

344 1669 488 1735 AEnunn
502 1669 580 1758 quid
594 1691 693 1734 cessas
708 1669 805 1734 finem
820 1691 985 1756 properare
1001 1671 1170 1735 senectus?

388 1776 455 1839 Cur
469 1784 502 1838 et
516 1774 549 1837 in
563 1773 623 1837 hoc
638 1772 718 1836 fesso
733 1794 860 1858 corpore
875 1772 965 1836 tarda
979 1772 1092 1836 sedes?

347 1876 449 1953 Solve,
466 1899 584 1961 precor,
599 1875 747 1938 miseram
761 1875 817 1938 tali
832 1876 872 1938 de
888 1897 1011 1939 carcere
1026 1876 1133 1952 vitam,

389 1977 478 2042 Mors
493 1979 618 2062 estjam
634 1977 766 2063 requies,
782 1977 886 2039 vivere
901 1999 996 2060 poena
1009 1976 1097 2039 mihi.

346 2080 420 2146 Non
435 2103 515 2157 sum,
531 2079 586 2166 qui
601 2078 732 2154 fueram,
748 2078 841 2163 periit
855 2101 926 2164 pars
940 2078 1079 2142 maxima
1093 2080 1207 2143 nostri:

388 2183 460 2246 Hoc
474 2203 600 2269 quoque
615 2180 700 2267 quod
719 2189 867 2265 superest,
883 2180 1015 2264 languor
1030 2191 1063 2244 et
1076 2180 1186 2246 horror
1200 2181 1307 2247 habet.

344 2284 420 2347 Lux
433 2283 535 2366 gravis
550 2283 582 2344 in
598 2282 695 2357 luctu,
712 2283 806 2345 rebus
820 2283 995 2365 gratissime
1010 2283 1110 2346 laetis:

387 2383 545 2470 Quodque
557 2382 643 2445 omni
659 2393 706 2445 est
720 2383 809 2466 pejus
824 2382 944 2458 funere,
961 2383 1041 2447 velle
1056 2384 1146 2448 mori.

342 2486 430 2550 Dum
440 2483 581 2570 juvenile
596 2484 701 2559 decus,
718 2483 795 2547 dum
809 2506 899 2547 mens
914 2507 1084 2574 sensusque
1100 2489 1262 2565 manebat,

388 2587 503 2654 Orator
516 2596 583 2650 toto
598 2585 699 2650 clarus
714 2585 747 2648 in
762 2585 839 2649 orbe
854 2585 909 2649 fui.

348 2689 441 2774 Saepe
454 2691 620 2774 poetarum
635 2687 801 2751 mendacia
815 2687 920 2750 dulcis
934 2688 1021 2764 finxi,

390 2789 433 2853 Et
447 2811 535 2852 veros
549 2787 656 2853 titulos
671 2811 719 2851 res
733 2787 812 2851 mihi
827 2788 902 2851 ficta
916 2789 1020 2852 dabat.

347 2892 439 2978 Saepe
454 2901 598 2977 perorata
612 2889 747 2977 praeoepi
762 2888 817 2953 lite
834 2911 990 2967 coronam,

390 2994 433 3058 Et
448 2995 522 3058 date
536 3003 609 3058 sunt
623 2993 740 3078 linguae
755 2992 887 3079 praemia
901 2992 997 3078 digna
1010 3015 1111 3072 meae;

347 3095 431 3170 Quae
446 3119 520 3161 eum
534 3096 664 3160 defectis
674 3097 743 3180 jem
758 3107 832 3159 sunt
846 3097 1014 3161 immortua
1028 3098 1188 3172 membris,
1356 3102 1395 3160 15

391 3197 466 3260 Heu
479 3197 487 3259 i
510 3196 636 3260 senibus
651 3196 725 3259 vitae
739 3196 840 3278 portio
855 3207 974 3280 quanta
987 3197 1120 3260 manet?

346 3296 415 3360 Neo
430 3295 532 3360 minor
546 3295 594 3359 his
609 3295 718 3358 ederat
732 3294 874 3358 sublimis
887 3295 989 3378 gratia
1003 3296 1132 3362 formae:

388 3395 482 3472 Quor,
498 3397 549 3460 vel
564 3395 589 3460 si
604 3394 708 3458 desint
722 3405 846 3471 caetera,
862 3405 952 3460 mute
966 3395 1078 3481 placet.

344 3499 432 3574 Quin
447 3499 543 3565 etiarn
558 3499 654 3564 virtus
669 3497 754 3562 fulvo
769 3497 931 3584 pretiosior
945 3520 1030 3574 auro,

336 3621 342 3633 ·
390 3603 452 3667 Per
466 3625 563 3691 quern
578 3602 765 3690 praeolamm
780 3601 850 3688 plus
865 3601 962 3665 micet
975 3601 1147 3687 ingenium.
1350 3606 1393 3664 20

347 3705 381 3769 Si
396 3705 490 3770 libuit
504 3706 621 3769 celeres
636 3727 711 3768 arou
727 3705 881 3768 intentare
896 3704 1032 3787 sagittas,

390 3806 550 3873 Occubuit
564 3806 634 3870 telis
649 3806 758 3892 praeda
771 3805 870 3892 petite
884 3805 980 3869 meis:

345 3908 379 3972 si
394 3909 512 3994 placuit
528 3908 657 3974 canibus
671 3910 783 3973 densos
799 3908 993 3972 circumdare
1008 3908 1113 3982 saltus,

388 4008 545 4073 Prostravi
560 4010 675 4075 multas
690 4033 754 4074 non
769 4009 835 4074 sine
847 4009 941 4074 laude
957 4008 1053 4074 feras:
