3228 4982
561 469 766 535 ernnnn
790 472 939 538 Eurum.
1233 481 1276 542 39

224 617 299 682 Sola
308 618 418 703 jacens
433 633 546 686 natura
559 634 677 698 manet,
694 643 766 711 quae
781 636 891 711 sponte
906 648 963 711 per
978 625 1069 691 horas
1213 633 1274 712 165

268 720 414 797 Solvitur,
430 733 463 786 et
477 722 552 787 vitio
567 725 704 810 carpitur
718 725 786 811 ipsa
800 749 865 791 suo.

222 822 295 887 Non
310 825 402 889 toties
417 836 545 911 experta
558 827 637 891 mihi
651 827 863 893 medicamina
876 840 1015 914 prosunt,

266 924 340 988 Non
355 925 446 1010 aegris
461 927 612 1014 quicquid
626 928 707 992 ferre
723 928 843 993 solebat
858 951 961 1015 opem.

223 1027 288 1089 Sed
302 1050 375 1091 cum
389 1028 522 1092 materia
536 1039 670 1113 pereunt
685 1018 884 1117 quaecunque
899 1042 1058 1117 parantur,

266 1127 318 1192 Fit
331 1129 431 1214 magis
447 1141 480 1193 et
494 1130 617 1195 damnis
632 1131 748 1196 tristior
763 1155 844 1197 urna
857 1133 945 1197 meis.
1212 1142 1272 1201 170

222 1231 295 1295 Non
311 1253 398 1295 secus
413 1231 583 1296 instantem
600 1233 728 1318 cupiens
743 1234 852 1298 fulcire
868 1235 1002 1312 ruinam,

264 1334 403 1399 Diversis
418 1347 527 1399 contra
541 1335 653 1399 nititur
666 1336 838 1421 objicibus;

221 1436 332 1500 Donec
347 1436 441 1521 longa
455 1438 531 1514 dies,
547 1439 634 1501 omni
649 1461 801 1525 compage
816 1439 926 1516 soluta,

264 1538 372 1624 Ipsum
388 1561 461 1602 cum
475 1540 569 1603 rebus
584 1539 714 1604 subruat
728 1539 889 1604 auxilium.

220 1639 317 1717 Quid,
334 1641 420 1726 quod
433 1641 521 1704 nulla
534 1641 641 1706 levant
655 1642 797 1706 animum
812 1641 991 1727 spectacula
1004 1664 1120 1720 rerum,
1210 1649 1270 1708 175

263 1741 333 1805 Nec
347 1741 433 1806 mala
445 1752 493 1805 tot
507 1742 581 1806 vitae
597 1742 792 1807 dissimulare
807 1743 891 1807 licet.

220 1843 329 1929 Turpe
344 1842 412 1906 seni
426 1842 530 1906 vultus
544 1843 646 1920 nitidi,
661 1853 826 1931 vestesque
842 1845 973 1909 decorae.

262 1943 369 2030 Atque
385 1944 481 2008 etiam
496 1954 544 2008 est
558 1945 661 2030 ipsum
676 1945 779 2009 vivere
795 1956 886 2032 turpe
902 1968 1019 2010 senem.

219 2045 349 2109 Crimen
364 2068 469 2110 amare
479 2047 577 2131 jocos,
595 2047 716 2111 crimen
732 2047 883 2123 convivia,
900 2058 1009 2112 cantus
1018 2072 1027 2124 3

262 2148 293 2213 Ο
308 2147 414 2211 miseri
429 2170 563 2235 quorum
577 2149 693 2233 gaudia
708 2149 827 2212 crimen
843 2148 971 2212 habent.
1206 2155 1267 2216 180

219 2250 308 2325 Quid
320 2250 399 2313 mihi
414 2250 542 2327 divitiae,
558 2273 692 2338 quarum
704 2251 729 2314 si
745 2251 894 2315 demseris
911 2273 1013 2328 usum,

261 2351 414 2426 Quamvis
429 2352 532 2436 largus
548 2375 654 2439 opum,
671 2375 795 2439 semper
809 2375 927 2439 egenus
942 2353 1020 2418 ero?

218 2454 321 2518 Immo
336 2453 432 2518 etiam
446 2477 542 2540 poena
556 2465 603 2519 est
617 2455 713 2541 partis
728 2455 912 2519 incumbere
928 2458 1031 2533 rebus,

260 2558 348 2633 Quas
364 2581 437 2622 cum
451 2559 617 2643 possideas
634 2569 681 2622 est
695 2558 810 2622 violare
826 2559 922 2622 nefas.

217 2659 290 2724 Non
306 2660 397 2724 aliter
411 2659 517 2725 sitiens
531 2661 649 2725 vicinas
666 2658 820 2724 Tantalus
835 2660 935 2723 undas

262 2763 386 2848 Captet,
403 2773 435 2826 et
453 2762 599 2848 appositis
614 2761 750 2826 abstinet
765 2783 818 2825 ora
834 2760 920 2825 cibis.

217 2863 344 2929 Efficior
357 2875 459 2929 custos
474 2887 579 2928 rerum
593 2864 694 2947 magis
709 2864 775 2949 ipse
789 2885 943 2938 mearum,

260 2966 455 3031 Conservans
470 2965 547 3040 aliis,
564 2987 636 3051 quae
651 2964 772 3050 periere
787 2964 875 3026 mihi.

218 3067 306 3133 Sicut
321 3067 354 3131 in
369 3066 535 3132 auricomis
549 3064 721 3151 pendentia
735 3064 888 3150 plurimus
903 3063 999 3128 hortis

259 3169 398 3254 Pervigil
412 3169 556 3233 observat
571 3192 634 3233 non
649 3191 705 3233 sua
719 3191 814 3255 poma
828 3168 931 3232 draco.
1204 3174 1264 3233 loo

216 3271 302 3337 Hinc
317 3295 369 3336 me
385 3271 552 3336 sollicitum
565 3282 715 3360 torquent
729 3293 823 3357 super
837 3271 943 3334 omnia
957 3293 1051 3348 curra,

258 3374 345 3439 Hine
359 3374 482 3461 requies
497 3373 602 3439 animo
617 3397 681 3438 non
696 3373 788 3438 datur
803 3372 868 3437 ulla
881 3395 963 3437 meo.

215 3475 367 3550 Quaerere
381 3498 454 3563 quae
469 3497 602 3561 nequeo,
619 3497 742 3559 semper
756 3475 890 3538 retinere
905 3473 1022 3550 laboro,

257 3578 301 3642 Et
315 3577 452 3642 retinens
467 3597 599 3661 semper,
616 3574 662 3637 nil
676 3574 812 3638 tenuisse
827 3583 913 3659 puto.

215 3681 285 3744 Stat
298 3679 423 3756 dubius,
438 3676 653 3764 tremulusque
669 3697 774 3753 senex,
790 3697 976 3760 semperque
990 3675 1145 3740 malorum
1201 3682 1261 3741 195

257 3781 421 3858 Credulus‚
438 3792 471 3846 et
485 3779 597 3844 stultus
612 3801 684 3865 quoe
699 3777 774 3843 facit
788 3778 854 3863 ipse
869 3777 970 3842 timet.

213 3885 338 3951 Laudat
352 3882 534 3969 praeteritoS,
549 3889 720 3967 praesentes
734 3880 867 3966 despicit
881 3901 995 3944 annos:

256 3986 328 4051 Hoc
343 3995 467 4050 tantum
482 3994 614 4058 rectum,
631 3981 716 4069 quod
731 3980 812 4066 sapit
826 3980 902 4066 ipse,
917 3991 1016 4066 putat.

214 4091 255 4154 Se
271 4090 371 4154 solum
387 4089 525 4164 doctum,
541 4109 574 4150 se
584 4085 709 4171 judicat
723 4107 789 4149 esse
804 4082 958 4169 peritum:
