3228 4982
480 468 624 533 D1vsns1
641 487 683 531 ns
700 467 980 532 Enamoennruo.
1212 473 1257 532 23

207 627 378 694 senectute,
402 628 516 682 caetera
539 629 647 682 tamen
669 639 733 681 non
759 617 821 682 alia
842 616 997 692 videntur,
1022 614 1081 678 nisi
1107 613 1258 680 exercitia

209 703 416 768 Grammatici
438 704 489 767 rel
511 702 684 767 scholastici
701 713 813 789 poetae,
830 703 918 787 cujus
932 701 1055 786 generis
1073 701 1169 764 etiam
1184 710 1257 763 sunt

208 812 322 864 versus,
348 789 403 872 qui
430 789 462 852 in
494 788 611 852 Pithoei
639 788 832 872 Epigramm.
856 799 953 851 veter.
980 787 1038 850 sub
1067 784 1255 849 Maximiani

100 911 110 926 ·
207 874 335 937 nomine
350 874 432 937 inter
448 874 520 938 XII
535 883 698 958 poetarum
717 873 970 936 scholasticomm
988 871 1128 935 carmina
1146 871 1257 954 legun-

207 969 268 1034 tur,
286 963 326 1023 de
347 961 476 1024 ratione
498 961 628 1033 tabnlcc,
647 961 681 1022 in
702 961 852 1022 turnalam
872 959 1037 1022 Ciceronis
1058 968 1091 1022 et
1113 958 1255 1043 Virgilii,

209 1046 387 1127 descriptio
404 1046 517 1119 Iridis,
533 1045 687 1130 imaginis
702 1045 736 1107 in
750 1045 845 1116 nndm
862 1045 965 1106 omnis
977 1044 1089 1127 glorie
1104 1044 1256 1115 concreti,

210 1131 250 1193 de
266 1139 338 1192 orta
354 1129 442 1203 solis,
460 1131 543 1192 desi
569 1131 620 1191 nis
638 1128 829 1202 coelestibns,
846 1130 886 1191 de
926 1136 1044 1191 natuor
1061 1127 1259 1210 tempestati·

209 1214 276 1277 bns.
326 1212 406 1275 Falli
429 1213 522 1275 credo
541 1152 572 1275 1.
592 1212 632 1274 Α.
655 1211 835 1275 Fabricium
857 1211 890 1273 in
904 1152 998 1273 qBibl.
1025 1209 1114 1272 Med.
1140 1219 1172 1272 et
1197 1209 1257 1273 lnf.

210 1297 315 1360 Latin.
361 1297 454 1360 Tom.
473 1297 513 1360 V.
536 1320 567 1381 p.
593 1302 664 1371 179,
688 1296 742 1381 qui
764 1296 833 1359 haec
856 1295 995 1359 carmina
1015 1295 1123 1359 brevia
1143 1294 1260 1379 pariter

212 1381 409 1444 Maximiano
436 1381 618 1464 Elegiarum
642 1381 761 1445 auctori
786 1380 943 1456 adscribit,
970 1380 1191 1464 diversumque
1217 1380 1258 1443 ab

209 1467 269 1530 hoc
283 1477 360 1550 puto
374 1477 499 1550 poetam
511 1467 602 1529 illum
613 1466 840 1541 scholasticum,
854 1465 1009 1550 siquidem
1024 1464 1259 1528 Maximianum

209 1563 360 1626 nostrum,
373 1574 469 1634 quem
485 1551 599 1614 scimus
614 1551 672 1614 sub
689 1550 886 1614 'Iheodorico
901 1572 975 1633 rege
989 1559 1112 1613 mature
1127 1550 1260 1612 honores

210 1636 352 1720 publicos
370 1637 497 1720 cepisse,
514 1645 547 1699 ct
568 1636 746 1699 liberiorem
761 1635 858 1698 vitam
880 1635 913 1697 in
931 1637 1098 1719 juventute
1120 1634 1259 1716 gessisse,

210 1744 274 1784 non
299 1721 447 1784 credibile
471 1732 527 1796 est,
549 1720 582 1783 in
606 1721 719 1784 umbra
742 1731 775 1784 et
798 1719 1048 1782 exercitamentis
1072 1717 1260 1782 scholasticis

209 1817 334 1891 tempus
365 1806 578 1868 consumsisse.
635 1806 769 1890 Regulo
799 1806 945 1879 metrica,
979 1826 1075 1889 quam
1110 1802 1260 1866 Labbeus

210 1891 292 1954 inter
314 1891 454 1953 carmina
477 1889 668 1954 Maximiani
692 1889 795 1964 refert,
818 1887 983 1951 manifeste
1007 1899 1167 1952 auctorem
1189 1911 1261 1972 pro·

210 1975 343 2039 fassione
363 1975 614 2038 Grammaticum
636 1974 748 2060 prodit,
767 1985 800 2038 et
817 1985 903 2057 puto,
919 1973 1016 2036 talem
1038 1973 1154 2038 librum
1172 1973 1261 2037 scho-

209 2061 309 2124 lastici
320 2072 432 2146 poetae,
445 2060 520 2123 olim
535 2060 652 2123 lectum
667 2059 700 2122 in
715 2059 835 2134 scholis,
852 2059 956 2134 fuisse,
968 2080 1064 2144 quem
1076 2058 1261 2122 Alexander

210 2146 250 2208 de
266 2145 340 2208 villa
358 2144 421 2208 Dei
439 2169 545 2230 nugas
567 2146 769 2209 Maximiani
791 2143 969 2228 appellavit,
985 2153 1018 2205 et
1040 2165 1059 2204 e
1081 2143 1186 2205 schola
1207 2165 1261 2205 ex-

209 2230 336 2314 pulsum
355 2252 411 2292 suo
432 2229 607 2293 Doctrinali
625 2250 827 2313 compensare
844 2227 950 2291 voluit
997 2227 1082 2290 Nam
1104 2227 1129 2292 si
1153 2226 1262 2291 Maxi-

210 2315 307 2377 miani
339 2314 462 2378 Etrusci
488 2315 621 2377 Amores
645 2313 790 2399 respexit,
816 2313 945 2398 disparis
969 2312 1062 2397 plane
1086 2312 1204 2396 ingenii
1228 2323 1262 2376 et

210 2399 387 2483 argumenti
405 2399 531 2474 librum,
547 2399 635 2462 nulla
657 2397 776 2462 ratione
798 2420 872 2461 eum
895 2420 1075 2482 comparare
1099 2420 1171 2461 cum
1194 2420 1259 2474 sua,

210 2496 266 2548 aut
289 2484 517 2569 reprehendere
541 2485 620 2548 adeo
646 2483 756 2567 potuit,
781 2494 817 2547 ut
838 2484 905 2567 ejus
929 2483 997 2546 loco
1019 2505 1111 2547 suum
1134 2483 1260 2558 librum,

210 2591 297 2633 mere
329 2569 591 2643 Grammaticum,
622 2568 838 2652 reponendum
867 2578 1001 2652 putaret.
1056 2568 1157 2650 Igitur
1188 2567 1262 2631 satis

210 2654 372 2739 probabile
391 2676 457 2717 esse
475 2653 616 2728 arbitror,
635 2654 698 2715 duo
716 2653 809 2716 fuisse
829 2652 1040 2716 Maximianus
1058 2652 1178 2738 scriptis
1192 2675 1262 2715 ver·

210 2740 295 2802 sibus
319 2740 426 2803 claros.
477 2739 558 2804 Haec
581 2749 746 2825 postquam
771 2737 830 2802 scri
852 2760 962 2813 seram,
986 2737 1068 2801 lusti
1092 2737 1261 2801 Fontanini

213 2824 385 2888 Historiam
410 2824 522 2887 Litter.
550 2823 657 2909 Aquil.
682 2846 745 2909 qua
768 2824 808 2886 de
830 2762 1031 2886 Maximiano
1055 2823 1122 2886 fuse
1148 2823 1261 2906 agitur,

210 2909 327 2992 legens,
343 2909 445 2993 reperi
462 2910 502 2973 ab
521 2931 559 2971 eo
576 2918 702 2973 auctore
721 2908 855 2970 eandem
873 2907 1061 2970 sententiam
1079 2907 1119 2970 de
1139 2908 1262 2970 duobus

213 2994 416 3057 Maximianis
439 2993 579 3079 proponi.
627 2992 679 3054 Sic
701 2992 787 3054 enim
810 2989 864 3052 ille
888 3012 955 3074 cap.
978 2991 1020 3052 iii.
1044 2993 1068 3072 §.
1091 2996 1122 3052 3.
1144 3014 1175 3075 p.
1199 2996 1261 3053 50:

212 3081 450 3153 Maximianus,
474 3099 571 3162 quem
593 3076 711 3161 spernit
734 3075 967 3139 Grammaticus
990 3074 1180 3150 Alexander,
1203 3097 1264 3138 nec

211 3163 271 3227 fuit
286 3167 458 3239 Etruscus,
474 3184 578 3249 neque
596 3163 886 3248 Elegioprnplras,·
912 3161 969 3223 sed
989 3160 1115 3224 natione
1140 3160 1261 3237 Gallus,

212 3259 245 3313 ct
267 3248 458 3312 versificator
485 3245 699 3332 grammaticae
725 3246 808 3322 artis,
833 3245 866 3308 in
891 3245 1066 3309 Academia
1097 3245 1263 3310 Parisiensi

211 3334 287 3397 olim
310 3333 430 3418 perlegi
453 3333 684 3479 solitae,}quem
707 3331 818 3394 vixisse
844 3331 884 3393 A.
902 3331 943 3393 D.
971 3337 1064 3430 1290.
1085 3343 1193 3396 auctor
1216 3342 1265 3395 est

214 3418 345 3483 Carolus
362 3418 500 3501 Cangius
515 3440 547 3480 m
600 3417 809 3480 omenclatore
828 3416 869 3478 ad
888 3415 1081 3479 Glossarmm
1100 3417 1262 3492 Latinum,

212 3505 343 3588 ejusque
361 3505 484 3586 regulas
497 3507 602 3565 'metro
623 3502 831 3575 concinnatas,
848 3500 964 3563 alicubi
982 3501 1060 3563 forte
1080 3525 1195 3586 nugas,
1213 3523 1265 3563 us-

212 3611 275 3675 que
287 3589 328 3651 ad
343 3588 480 3650 eundem
490 3585 707 3649 Alexandrum
723 3584 897 3660 invaluisse,
911 3584 1015 3668 palam
1032 3585 1145 3646 sitnon
1160 3585 1265 3648 minus

213 3696 255 3738 ex
270 3672 410 3736 versibus
420 3674 489 3757 jam
504 3670 649 3746 recitatis,
690 3692 764 3734 uam
787 3692 826 3732 ex
850 3669 975 3734 Caesare
999 3667 1128 3752 Egassio
1152 3668 1265 3734 Bulaeo

213 3757 247 3821 in
270 3757 411 3822 Historia
436 3756 654 3821 Universitatis
668 3695 861 3819 anrisiensis
882 3764 958 3818 tom.
977 3754 997 3817 i.
1016 3778 1046 3841 p.
1063 3759 1136 3818 517.
1183 3754 1266 3819 Haeo

213 3843 369 3906 sententia
383 3865 456 3906 vero
471 3842 567 3906 etiam
581 3840 708 3925 propius
725 3841 856 3914 accedit,
874 3841 961 3924 quod
977 3863 1145 3925 puerorum
1165 3840 1267 3904 mani·

213 3929 273 3991 bus
291 3927 363 3991 libri
381 3929 421 3991 de
440 3938 506 3992 arte
524 3926 729 4010 grammatica
743 3925 886 3988 seruntur
901 3947 964 3988 non
984 3925 1171 4011 turpissimae
1191 3925 1267 3989 Ele-

214 4014 275 4095 giae
306 4013 346 4075 de
376 4013 534 4076 amoribus
563 4021 596 4074 et
625 4011 786 4086 ebrietate,
811 4011 985 4094 cujusmodi
1011 4010 1061 4075 hae
1088 4021 1169 4086 sunt,
1194 4033 1267 4095 quae

218 4097 452 4163 Maximianum
470 4099 649 4172 Etruscum,
662 4095 743 4162 vitiis
758 4095 1044 4182 inquinatissimam
1060 4119 1177 4172 senem,
1194 4119 1268 4160 auc-
