3228 4982
384 419 426 482 Iu
443 417 689 483 Maximinum
706 417 1028 484 Wsnnsnonrmnrn.
1191 423 1232 486 77

180 557 286 610 brevem
302 559 451 625 prasentia
465 557 718 627 fructum—45.
738 557 796 610 Sub
817 575 872 625 qua
892 557 1019 610 decubuit
1038 554 1233 626 requiescens]

182 627 229 681 Sic
242 627 371 697 Calpurn.
385 627 423 681 iii.
441 632 487 680 15:
509 628 567 681 iilic
580 630 747 697 requiescere
759 636 850 682 noster
868 629 978 680 Taurus
991 636 1075 693 amat,
1089 629 1236 696 qelidaque

172 699 254 766 jacet
265 701 407 780 spatiatus
424 701 453 749 in
468 698 690 750 umbra—46.
712 699 819 760 Querit
836 698 906 751 ooiie
921 694 1031 766 pecua]
1060 715 1157 767 nempe
1174 713 1237 750 oves

182 785 289 837 proprie
301 785 391 838 pecus.
429 767 550 820 Avienus
562 768 599 821 D.
614 767 648 821 Ο.
662 773 730 820 306:
751 768 833 820 multo
846 785 958 821 sonuere
965 786 1020 836 per
1032 786 1115 836 aqros
1129 769 1237 820 Balatu

177 840 305 907 pecudes.
326 845 354 890 et
371 837 493 907 pluribus
512 837 703 892 locis—47.
719 840 753 890 In
771 839 860 891 solitis
879 846 974 892 contat
988 837 1140 905 philomela
1159 834 1235 906 rui]

184 908 306 962 Similem
322 908 483 973 sententiam
500 908 533 960 de
551 908 696 976 philomela
714 914 741 960 et
759 907 831 972 feris,
846 909 971 960 adsuetos
990 908 1074 961 saltus
1092 915 1120 960 et
1139 909 1239 962 cubilia

182 979 344 1043 amantibus,
364 978 447 1031 habes
465 978 537 1047 apud
557 977 635 1031 Ovid.
649 995 683 1030 ex
702 978 781 1030 Pont.
798 977 817 1030 i.
835 983 861 1043 3,
880 983 924 1042 39,
939 995 994 1047 seq.
1013 979 1085 1030 unde
1103 977 1171 1031 forte
1190 979 1237 1031 de-

183 1049 314 1118 prompsit
339 1065 388 1100 sua
410 1047 608 1101 Maximianus:
636 1049 703 1100 Cum
724 1049 790 1101 bene
811 1049 849 1100 sit
869 1049 967 1100 clausa
988 1065 1072 1101 cavea
1094 1050 1239 1102 Pandione

183 1127 263 1184 nate,
278 1119 388 1172 Nititur
406 1121 434 1171 in
451 1120 536 1171 siivas
552 1120 602 1172 ilia
615 1119 706 1171 redire
723 1136 807 1171 suas:
826 1118 964 1171 Adsuetas
982 1121 1058 1170 tauri
1073 1120 1170 1184 soltus,
1185 1121 1237 1171 ad·

183 1199 261 1242 sueta
283 1191 371 1242 leones
393 1189 466 1257 (Nec
478 1191 585 1259 feritas
607 1190 668 1242 illos
689 1187 815 1256 impedit)
838 1197 920 1242 antra
935 1193 1158 1256 petunt.—-50.
1174 1190 1240 1242 Non

184 1260 331 1329 manifesta
344 1256 444 1328 petis]
472 1276 504 1311 ea
520 1259 598 1328 petis,
619 1275 734 1328 quorum
752 1258 802 1311 tibi
820 1259 940 1311 nondum
959 1259 1097 1328 explorata
1115 1265 1156 1311 cst
1174 1276 1238 1312 con·

184 1329 376 1383 ditio—57.
395 1331 533 1383 Invalidis
553 1331 706 1382 reverentia
726 1332 824 1397 prisca
846 1325 912 1396 coi]
947 1329 1027 1383 ovid.
1047 1329 1120 1383 Fast.
1141 1347 1165 1382 v.
1186 1335 1220 1382 57
1231 1347 1237 1382 :

184 1400 294 1468 Maqna
302 1402 367 1469 fuit
382 1402 517 1468 quondam
530 1402 630 1468 capitis
643 1402 794 1452 reverentia
811 1403 883 1465 coni,
898 1402 985 1468 Inque
1001 1418 1049 1454 suo
1063 1402 1157 1468 pretio
1169 1417 1240 1467 ruqo

185 1472 278 1523 senilis
291 1476 478 1524 erat—59.
492 1471 589 1540 Deflet
605 1470 723 1523 cessisse
732 1465 905 1538 juvencum]
926 1469 1000 1523 senio
1017 1469 1169 1523 confectum
1182 1471 1240 1538 jam

184 1540 316 1608 imparem
328 1558 386 1594 esse
398 1541 473 1609 operi
485 1541 594 1605 rustico,
611 1548 637 1592 et
650 1557 725 1593 arare
738 1541 855 1593 desiisse.
894 1539 991 1594 Claud.
1004 1541 1038 1594 de
1051 1539 1085 1593 R.
1096 1541 1127 1594 P.
1141 1540 1159 1594 i.
1177 1545 1239 1594 197:

186 1619 307 1664 cessante
316 1612 436 1678 juvenco
448 1612 547 1664 Ditior
559 1611 666 1665 oblatos
678 1611 825 1663 mirabitur
837 1612 926 1664 incola
938 1628 1046 1665 messes.
1083 1610 1121 1663 Et
1134 1618 1242 1664 cessata

186 1699 256 1734 arua
273 1681 400 1734 dicuntur
417 1680 514 1734 Ovidio
527 1681 601 1733 Fast.
616 1680 651 1734 iv.
665 1685 727 1742 617,
746 1698 806 1749 quae
823 1681 877 1750 coli
892 1680 1153 1733 desierunt.-60.
1174 1681 1242 1732 Cum

187 1769 239 1820 quo
261 1755 399 1804 consenuit
419 1753 506 1804 victor
523 1750 585 1804 hon.
606 1747 664 1820 eq]
699 1749 803 1816 Victor,
826 1751 873 1820 qui
894 1768 956 1803 cum
978 1768 1047 1820 equo
1068 1768 1099 1803 co
1121 1751 1150 1803 in
1170 1750 1242 1803 ludis

187 1821 337 1891 Olympicis
357 1821 400 1874 vel
417 1820 589 1876 Circensibus
607 1821 688 1885 vicit3
708 1820 834 1886 honorat,
855 1827 886 1873 ut
903 1823 972 1874 bene
990 1821 1126 1886 meritum,
1145 1838 1241 1873 conce-

186 1892 273 1944 denda
292 1892 390 1961 quiete,
410 1898 437 1944 et
455 1891 605 1961 praebcndis
623 1891 766 1945 alimentis.
805 1890 965 1945 Celebratus
983 1899 1024 1944 est
1045 1909 1137 1944 versus
1158 1890 1243 1944 Ennii

187 1963 259 2030 apud
273 1960 359 2015 Cicer.
371 1963 404 2014 de
418 1961 481 2015 Sen.
496 1980 517 2016 c.
532 1968 562 2014 5:
579 1963 658 2016 Sicut
661 1962 751 2031 fortis
764 1979 856 2030 equus,
870 1964 961 2030 spatio
975 1964 1023 2030 qui
1035 1979 1104 2030 sepe
1116 1980 1242 2030 supremo

195 2033 269 2086 Vicit
283 2034 422 2101 Olympia,
434 2050 503 2086 nunc
515 2034 590 2086 senio
601 2033 742 2102 confecta’,
755 2035 878 2101 quiescit.
905 2031 1037 2085 Horatius
1045 2031 1134 2101 Epist.
1144 2031 1162 2086 i.
1175 2036 1198 2097 1,
1210 2037 1240 2085 8:

187 2111 364 2157 senescentem
384 2121 479 2173 equum
499 2120 557 2156 csse
575 2103 729 2157 soluendum
749 2103 803 2166 ait;
824 2101 893 2155 conf.
908 2101 987 2155 ovid.
1003 2101 1085 2155 Trist.
1105 2102 1140 2155 iv.
1155 2107 1181 2168 8,
1195 2107 1240 2156 20.

190 2173 310 2227 Subinde
322 2173 444 2227 solebant
462 2190 544 2243 equos
559 2175 628 2227 benc
644 2173 754 2226 meritos
771 2172 845 2224 omni
862 2189 941 2241 opere
959 2171 1077 2225 humano
1096 2173 1241 2236 exsolvere,

189 2261 293 2296 sacrare
309 2243 390 2296 alicui
402 2244 471 2308 Deo,
487 2250 514 2296 et
531 2243 665 2296 dimittere
682 2242 740 2296 sine
756 2245 866 2296 custode
880 2243 906 2295 in
919 2259 983 2295 arva
995 2249 1022 2295 et
1034 2260 1141 2312 pascua.
1179 2242 1242 2297 Vid.

191 2313 266 2367 Suet.
286 2313 344 2368 Jul.
365 2332 388 2368 c.
408 2319 451 2367 81.
473 2313 552 2367 Ovid.
571 2313 634 2367 Am.
653 2313 682 2367 ii.
704 2318 729 2379 9,
749 2318 793 2366 26.
837 2313 911 2366 Talis
932 2313 999 2365 mihi
1019 2313 1125 2366 videtur
1150 2314 1245 2366 Victor

190 2402 273 2453 equus
292 2385 363 2452 apud
379 2383 455 2452 Virg.
472 2383 573 2452 Georg.
591 2383 628 2436 iii.
647 2389 708 2449 499,
731 2383 778 2453 qui
797 2383 861 2436 dum
883 2401 967 2451 vagus
987 2390 1015 2436 et
1034 2383 1102 2435 liber
1123 2390 1195 2436 errat
1215 2382 1244 2435 in

189 2455 299 2523 campis,
318 2456 411 2507 morbo
428 2461 566 2522 correptus
582 2454 703 2506 Labitur
720 2454 826 2524 infelix,
841 2456 992 2506 studiorum
1010 2462 1092 2521 atque
1109 2456 1246 2507 immemor

189 2524 285 2577 derbe.
325 2524 445 2576 Maxime
464 2541 527 2577 vero
544 2523 658 2576 honores
677 2523 753 2592 equis
774 2524 842 2575 bene
863 2522 967 2575 meritis
986 2523 1092 2575 habitos
1112 2529 1246 2575 testantur

157 2609 160 2617 ’
191 2594 290 2647 tumuli
308 2594 341 2647 iis
361 2594 424 2647 facti
444 2601 471 2647 et
491 2593 628 2663 epitaphia
647 2593 742 2662 posita.
763 2593 796 2645 de
816 2593 914 2663 quibus
934 2592 1046 2645 fortasse
1068 2593 1120 2645 alio
1140 2593 1198 2644 loco
1218 2600 1245 2646 et

192 2671 436 2734 tempore.—-65.
452 2666 522 2727 Quis
538 2681 616 2717 mam
633 2666 661 2715 in
674 2665 797 2727 alterius,
812 2659 880 2730 cte]
907 2663 934 2716 h.
948 2681 970 2715 e.
984 2663 1055 2729 Quis
1067 2669 1123 2715 tarn
1136 2663 1246 2716 demens

191 2742 241 2802 est,
259 2743 298 2801 nt,
317 2736 382 2787 dum
400 2734 483 2787 alium
502 2733 668 2800 criminatur,
689 2734 761 2805 quod
780 2734 828 2787 diu
846 2733 950 2787 inutilis
970 2741 997 2786 ct
1016 2733 1143 2802 indignus
1162 2733 1243 2800 vivat,

225 2911 264 2953 45.
283 2907 329 2952 Sui
346 2921 392 2967 qua
408 2905 534 2958 concubuit,
551 2902 590 2950 vel
606 2904 725 2950 succubuit
741 2903 772 2949 V.
805 2904 922 2949 cornubuit
941 2902 985 2948 Gr.
1015 2904 1153 2964 requiescere
1169 2903 1247 2963 diliqit

193 2973 278 3017 umbra.
293 2970 324 3016 V.
358 2974 397 3016 49.
419 2969 676 3014 Tutemenbenenota.
692 2965 987 3027 sicnonnullaevulgatae.
1021 2968 1243 3013 Tutanrcnetbene.

196 3033 252 3094 Bip.
283 3032 331 3080 Sed
348 3032 482 3078 Withoiius
499 3048 522 3092 p.
537 3036 593 3080 321.
612 3030 738 3077 contendit
754 3029 910 3077 scribendum
927 3045 978 3077 esse
1001 3032 1037 3076 Tu
1055 3037 1151 3088 tontum,
1171 3029 1247 3092 idque

193 3115 278 3145 omncs
288 3095 380 3153 excusi,
392 3096 436 3159 qui
447 3095 513 3157 apud
531 3111 569 3142 me
583 3103 648 3149 sunt,
660 3098 758 3142 hebent.
785 3097 821 3141 Ta
837 3102 926 3141 tanturn
942 3096 994 3140 bene
1010 3102 1092 3141 cuncta
1108 3102 1163 3142 nota
1179 3103 1248 3156 atque

193 3171 287 3224 superte
298 3164 408 3223 relinquis
422 3162 453 3208 G.
466 3159 588 3206 mendose.
631 3165 670 3208 53.
693 3162 728 3206 Tu
739 3176 785 3206 non
800 3161 876 3205 minus
887 3161 940 3206 alba
951 3161 1042 3226 capillis
1056 3160 1087 3206 G.
1132 3164 1171 3207 54.
1188 3161 1247 3207 Con·

193 3230 280 3274 sociare
293 3229 353 3274 solet.
369 3227 400 3273 R.
443 3229 482 3274 57.
497 3227 619 3272 Permanet
635 3227 746 3272 invalidis
762 3223 914 3283 conjunctim
930 3239 975 3284 pro
992 3226 1017 3270 in
1033 3225 1125 3279 validis,
1137 3223 1205 3286 quod
1221 3224 1247 3271 in

193 3291 299 3354 vulgatis
310 3299 355 3346 est,
366 3289 499 3352 legendum
510 3305 562 3336 esse
573 3288 661 3336 statuit
674 3289 844 3344 Ommerenus,
858 3289 925 3351 quod
936 3290 1019 3348 probo.
1056 3288 1126 3336 ldem
1139 3288 1165 3336 in
1176 3305 1248 3336 versu

193 3353 915 3468 iq'i‘apmi‘p”iiiniidiiiiiiii’&iiiiii
940 3355 1249 3464 {ittditdtttt

194 3501 245 3547 quo
256 3501 354 3532 cessasse
363 3435 413 3545 16ἓί
422 3435 494 3542 juth
508 3483 595 3529 Burm.
610 3482 711 3528 Anthoi.
725 3481 771 3528 vol.
785 3481 800 3528 i.
816 3497 839 3541 p.
854 3433 984 3530 7363866.
1002 3482 1059 3528 Cum
1070 3498 1114 3542 quo
1125 3434 1247 3528 canicies.

197 3551 229 3597 R.
245 3550 275 3597 L.
291 3550 323 3596 G.
340 3551 412 3596 victor
422 3549 524 3594 honorat.
539 3547 569 3594 V.
586 3547 616 3592 lt.
630 3546 673 3592 Gr.
687 3545 714 3594 L.
728 3546 759 3592 G.
780 3544 848 3607 quod
859 3545 948 3591 melius
959 3552 1002 3600 est,
1014 3560 1088 3606 quam
1100 3547 1170 3601 miles,
1180 3544 1248 3607 quod

194 3614 269 3661 estin
280 3612 395 3675 vulgatis.
420 3611 491 3659 Idem
503 3612 589 3673 probat
603 3610 690 3657 Burm.
706 3610 721 3658 l.
734 3625 754 3657 c.
788 3614 827 3657 61.
843 3611 897 3656 Non
908 3625 942 3656 me
952 3611 1015 3656 adeo.
1030 3610 1061 3656 R.
1074 3609 1105 3656 G.
1142 3614 1181 3657 62.
1194 3612 1249 3656 Mea

194 3682 258 3726 dieta
269 3695 326 3726 cano
337 3676 443 3739 vulgate
455 3691 547 3731 omncs,
559 3690 620 3738 quas
632 3677 715 3722 habeo.
734 3691 783 3720 mea
788 3676 858 3735 sacta
870 3674 901 3720 V.
917 3674 960 3721 Gr.
974 3673 1004 3721 L.
1019 3674 1048 3721 P.
1061 3672 1127 3736 quod
1139 3674 1247 3735 praefero.

195 3749 234 3792 64.
250 3745 319 3798 Quod
327 3744 416 3789 denosti
425 3740 512 3788 vitiose
522 3741 614 3786 habent
624 3740 708 3798 plures
718 3739 833 3800 vulgatae,
843 3738 944 3801 ipsaque
959 3737 1014 3799 Bip.
1031 3745 1052 3785 te
1063 3741 1123 3785 nosti
1135 3738 1164 3785 L.
1175 3739 1207 3786 A.
1218 3739 1248 3787 B.

198 3808 245 3856 Pu.
261 3807 298 3854 Pi.
312 3807 354 3854 rel.
367 3806 441 3868 idque
459 3805 541 3866 ipsum
557 3803 659 3866 corrigit
672 3803 805 3851 Withofius
821 3819 844 3864 p.
857 3808 912 3851 322.
930 3806 992 3864 quod
1007 3819 1041 3850 me
1057 3805 1117 3850 nosti
1133 3804 1163 3850 G.
1176 3803 1248 3851 male.

196 3878 235 3921 65.
253 3874 366 3928 Quisnam
377 3873 402 3917 in
414 3872 453 3917 alt.
468 3870 498 3916 V.
514 3869 557 3916 Gr.
583 3870 684 3929 Quisque
695 3870 932 3915 suam...condemnat.
946 3867 976 3914 L.
1002 3869 1061 3923 Quis
1076 3884 1141 3914 meam
1154 3869 1251 3916 oderim

196 3944 335 3998 contemptus
351 3938 414 3983 crim.
431 3935 461 3982 R.
487 3935 545 3989 Quis
563 3935 589 3980 in
603 3934 699 3979 alterius
713 3933 743 3980 G.
761 3933 919 3979 Burmannus
938 3932 1040 3979 Anthol.
1052 3931 1099 3979 vol.
1115 3930 1130 3980 i.
1147 3948 1170 3993 p.
1184 3938 1222 3981 46.
1235 3949 1250 3981 e

196 4000 288 4048 codicis
300 4001 370 4047 Voss.
383 4000 457 4047 verbo
474 4000 594 4054 Quisnam,
607 3996 701 4044 voculis
712 3996 872 4056 transpositis,
884 3996 1017 4058 legendum
1028 4005 1110 4044 censet
1123 3999 1186 4044 Nam
1196 4001 1251 4060 quis

197 4068 222 4111 in
233 4067 336 4121 arturius,
348 4063 391 4112 sed
406 4063 478 4110 male.
512 4063 579 4110 Nam
597 4063 710 4116 Quisnam
721 4077 734 4108 e
745 4076 802 4108 vera
815 4060 927 4117 lectione,
940 4077 996 4123 quae
1010 4060 1036 4110 in
1052 4061 1159 4124 vulgatis
1173 4070 1250 4119 extat,

204 4133 263 4186 Quis
273 4147 339 4176 suam
350 4136 495 4189 corruptum
507 4135 550 4182 est,
563 4133 588 4173 et
599 4143 664 4172 suam
675 4125 706 4173 ed
717 4141 814 4173 sensum
827 4125 989 4173 necessarium
1001 4135 1044 4174 est.
