3228 4982
387 475 429 538 111
446 474 693 539 Mixrnnnun
710 474 1034 542 Wannsuonrmun.
1183 475 1245 541 103

189 619 221 666 ut
238 629 321 682 supra
338 629 363 665 v.
377 616 411 665 78
423 614 590 666 ministeriis.
630 611 676 666 Sie
688 613 839 680 peroiqiles
858 613 965 666 labores
982 611 1053 665 infra
1070 630 1095 667 v.
1116 617 1173 680 139,
1195 631 1243 684 per

190 691 297 737 noctem
315 682 455 747 tolerandi,
472 683 624 751 peroiyilea
642 684 714 735 tibia
732 683 804 752 apud
823 682 964 737 Claudiae.
984 682 1012 736 in
1033 683 1164 737 Fescenn.
1183 702 1243 755 quae

190 759 248 807 tota
259 759 338 807 noete
351 758 459 806 canunt.
486 752 617 807 Similiter
628 752 784 821 Propertius
797 753 824 807 ii.
842 758 882 817 18,
893 759 937 818 24,
956 755 1028 807 Tota
1040 763 1116 808 nocte
1125 757 1244 824 officium

190 841 267 877 auum
280 825 371 877 valere
383 823 564 876 ait—101.
583 823 636 876 Nil
647 825 698 876 tibi
710 820 873 891 blanditie]
903 823 983 878 Ovid.
998 824 1060 877 Am.
1074 823 1113 878 iii.
1129 831 1154 890 7,
1172 830 1201 877 ll
1216 833 1244 879 et

191 897 370 947 aa-loa
392 894 442 946 Sic
453 894 526 946 velut
538 891 685 961 reposito]
718 892 781 948 Vid.
795 912 820 947 v.
834 899 1011 948 rsa—105.
1032 896 1161 949 Deducta
1181 914 1244 952 voce

190 961 353 1031 canentem]
381 963 457 1016 Bene
469 963 513 1016 hie
526 964 640 1016 contulit
660 962 702 1018 el.
717 963 896 1017 Ommereuus
908 964 999 1018 locum
1011 965 1144 1033 Propertii
1156 966 1184 1020 ii.
1198 972 1242 1032 24,

191 1039 241 1088 88:
262 1035 304 1087 Et
320 1052 380 1087 mea
397 1035 513 1087 deducta
530 1036 653 1087 carmina
671 1051 733 1088 once
750 1036 826 1101 lepis.
863 1033 969 1087 Nonius
985 1033 1013 1087 in
1026 1037 1182 1090 Deductum
1194 1055 1243 1089 vo·

190 1122 249 1158 cem
262 1104 405 1157 deductam
417 1103 533 1172 explicat
545 1106 714 1170 diminutam,
725 1122 908 1173 suppressam,
923 1111 951 1157 et
963 1105 1074 1174 apponit
1082 1105 1172 1158 locum
1185 1106 1242 1160 Lu·

191 1174 247 1228 eilii
264 1175 311 1228 lib.
330 1191 401 1227 xxx:
422 1176 552 1227 Deducta
571 1183 714 1228 macroce
732 1175 782 1240 leo,
805 1176 862 1228 Cur
881 1184 910 1228 ta
930 1177 992 1242 ipsa
1010 1178 1101 1228 venire
1119 1176 1184 1229 Non
1203 1180 1244 1231 via

189 1245 267 1299 buc?
299 1244 445 1314 Sigillatim
464 1245 623 1298 muliebrem
650 1261 751 1309 vocem,
779 1252 810 1298 ut
829 1245 882 1310 hie,
905 1244 1050 1313 significari
1070 1245 1147 1300 docet
1168 1246 1244 1301 loeus

191 1315 343 1385 Pomponii,
357 1333 374 1367 a
386 1315 526 1368 Macrobio
540 1315 597 1368 Sat.
611 1315 646 1369 vi.
660 1321 686 1381 4,
701 1316 864 1384 productus:
893 1317 989 1369 Vocem
999 1318 1117 1370 deducus
1126 1326 1242 1386 oportet,

190 1394 222 1440 ut
237 1387 359 1440 mulieris
375 1387 520 1439 videantur
532 1387 623 1439 verba.
660 1387 731 1439 Jobe
747 1388 826 1439 modo
843 1387 981 1456 afferatur
997 1404 1074 1452 anns,
1089 1405 1139 1455 eqo
1155 1405 1244 1441 vocem

192 1458 306 1510 reddam
324 1464 427 1509 tenuem
447 1463 474 1509 ct
493 1457 634 1510 1011101001.
671 1456 791 1509 Petitum
810 1463 901 1509 autem
919 1456 969 1508 hoc
987 1456 1093 1509 videtur
1109 1475 1125 1510 a
1141 1457 1203 1510 lana
1215 1457 1244 1512 iu

191 1526 268 1580 filum
280 1533 361 1579 tenue
373 1525 488 1579 deducta
499 1532 527 1578 et
538 1525 678 1579 diminuta.
718 1525 796 1579 Unde
806 1533 878 1579 reete
891 1525 1015 1596 Heynius
1029 1527 1063 1581 V.
1076 1526 1108 1582 C.
1123 1528 1157 1580 ad
1166 1527 1243 1598 Virg.

191 1597 253 1654 Eel.
274 1597 310 1651 ri.
330 1603 356 1662 5,
378 1598 534 1650 Deductum
554 1614 662 1650 carmen
683 1596 800 1666 explieat
821 1605 906 1661 tenne,
928 1604 959 1649 ut
981 1597 1160 1666 pastoritium,
1181 1599 1244 1668 quia

192 1667 298 1737 plenius
315 1667 366 1720 hoe
385 1667 521 1737 eloquitur
539 1666 635 1720 Horat.
656 1666 743 1736 Epist.
757 1667 785 1721 ii.
802 1672 825 1732 l,
839 1672 909 1720 225:
937 1668 1025 1720 Tenui
1043 1670 1159 1721 deducto
1174 1687 1242 1735 poe·

191 1746 268 1791 mato
281 1738 348 1805 filo.
393 1736 499 1790 Nonius
520 1736 539 1790 l.
560 1754 583 1791 c.
606 1739 748 1790 deductum
769 1754 878 1791 carmen
898 1737 1090 1806 interpretatur
1113 1741 1191 1792 molle
1217 1746 1245 1792 et

191 1825 283 1874 mave,
298 1807 370 1878 quod
382 1808 490 1878 quidem
507 1808 541 1859 ad
554 1807 714 1860 seutentiam
728 1807 838 1876 Virgilii
850 1807 970 1876 proxime
987 1825 1041 1859 non
1058 1807 1130 1872 facit,
1146 1809 1179 1861 de
1191 1809 1245 1861 alio

192 1886 283 1932 tamen
302 1878 420 1931 carmine
432 1877 521 1931 valere
558 1884 636 1944 otest,
652 1878 724 1948 quod
741 1877 859 1930 molliter
876 1877 1005 1946 procedit,
1040 1878 1098 1930 uasi
1116 1879 1191 1932 filum
1210 1897 1244 1932 ex

192 1948 268 2001 molli
286 1956 313 2002 et
330 1948 437 2031 sequaci
453 1947 523 2013 lana,
538 1896 611 2000 incili
623 1965 704 2017 opera
716 1965 765 2000 nee
782 1947 866 2000 invita
879 1947 1002 2000 Minerva
1021 1895 1141 2000 iiuetum.
1181 1950 1245 2015 Quo

193 2036 274 2072 sensu
285 2035 419 2088 accepisse
430 2018 537 2071 videtur
550 2018 629 2072 Ovid.
644 2036 677 2070 ex
689 2018 768 2071 Pont.
783 2018 801 2071 i.
815 2024 841 2083 5,
859 2023 908 2071 13:
926 2019 1029 2072 Laetor
1039 2021 1170 2073 deducere
1182 2038 1244 2073 eer-

166 2095 169 2099 ’
192 2105 261 2155 sam,
275 2091 334 2142 Sed
341 2089 503 2159 eonfitfato
513 2089 620 2142 mollior
631 2090 676 2141 ille
685 2093 885 2142 mee—109.
901 2089 1015 2156 Semper
1019 2091 1151 2159 felicibus
1159 2087 1243 2158 opta]

194 2159 232 2213 Iis
252 2166 367 2225 tantum,
388 2166 419 2212 ut
437 2159 544 2224 videris,
568 2165 639 2228 apta,
660 2159 707 2228 qui
726 2157 832 2212 Venere
851 2175 956 2226 semper
973 2175 1101 2228 prospera
1118 2166 1242 2226 utuntur,

193 2233 587 2299 nunquameessant.-110.
601 2230 666 2282 Tibi
674 2232 797 2296 copretis
807 2237 883 2282 utere
893 2226 1014 2296 deliciis]
1025 2229 1043 2284 i.
1053 2248 1076 2282 e.
1089 2230 1138 2283 tibi
1147 2247 1243 2284 couve-

193 2300 339 2367 nientibus,
354 2300 476 2370 propriis,
489 2306 537 2352 tua
548 2299 659 2353 libidine
672 2299 768 2368 dignis.
775 2301 875 2369 fruere
888 2301 1049 2369 antistesque
1062 2302 1102 2352 ad
1113 2303 1245 2354 irruidiam

185 2372 326 2440 salicibus,
341 2378 372 2424 ut
390 2370 510 2440 loquitur
523 2370 630 2423 Patron.
645 2387 702 2438 cap.
719 2374 759 2423 ll.
798 2369 853 2423 Sed
865 2369 993 2438 suspicor,
1008 2388 1056 2439 per
1068 2372 1182 2424 delicias
1200 2372 1245 2426 hie

193 2441 283 2510 potius
295 2441 484 2510 intelligendos
492 2458 550 2494 esse
563 2458 652 2493 servos
664 2441 707 2492 vel
716 2457 813 2509 pueros
826 2439 953 2492 delicatos
966 2440 998 2493 de
1009 2440 1173 2494 Alexandria
1185 2442 1243 2511 ple·

193 2528 255 2564 rum
274 2530 308 2564 ue
321 2519 415 2576 emtos,
430 2511 476 2581 qui
487 2511 556 2580 jocis
569 2517 596 2563 et
609 2511 731 2564 cantibus
747 2517 773 2563 et
786 2517 883 2580 arguta
895 2509 1035 2563 dicacitate
1048 2512 1163 2564 dominis
1175 2513 1243 2566 deli-

194 2581 248 2635 cias
256 2529 406 2647 iaciebant,
416 2583 450 2635 ab
462 2581 495 2634 iis
508 2598 578 2649 saepe
586 2581 706 2650 improbe
719 2581 810 2645 amati,
819 2587 847 2633 et
860 2580 1244 2648 singulariterDeliciaevoca·

193 2654 301 2706 bantur.
329 2651 461 2718 Quinctil.
471 2651 539 2705 Inst.
550 2650 598 2705 Or.
612 2650 630 2706 i.
642 2656 669 2716 2,
686 2657 710 2705 7.
732 2650 835 2704 Statius
849 2650 914 2703 Silv.
923 2668 949 2704 v.
962 2656 988 2716 5,
1003 2657 1046 2704 67.
1067 2651 1176 2707 Petrou.
1185 2671 1243 2722 cap.

194 2727 238 2776 81.
264 2723 317 2776 His
329 2723 460 2776 utendum
470 2721 632 2790 essepuellae
643 2720 802 2786 libidinosae,
814 2720 931 2773 mordaci
940 2721 1002 2788 joco
1010 2720 1105 2775 suadet
1115 2721 1245 2775 Maximi-

195 2811 271 2859 anus,
287 2801 415 2863 tanquam
428 2794 454 2846 ei
465 2790 633 2860 0090011011.
645 2809 669 2845 e.
684 2791 756 2862 quod
768 2790 825 2861 pari
835 2798 923 2854 aetate,
938 2791 1099 2858 conditione,
1114 2793 1243 2862 nequitia,

195 2864 354 2932 garrulitate
372 2869 469 2927 esseut,
484 2868 565 2932 atque
583 2862 650 2932 ipsa,
665 2879 725 2932 quae
744 2868 826 2915 cantu
842 2868 870 2914 et
887 2861 985 2914 fidibus
1003 2862 1137 2915 oblectare
1155 2864 1242 2931 docta,

195 2933 263 2988 forte
276 2935 304 2987 iu
316 2933 386 2987 idem
401 2933 582 2986 ministerium
594 2938 666 2985 emta
679 2949 712 2985 ex
722 2931 800 3002 Syria
812 2938 878 2996 erat,
893 2938 923 2984 ut
935 2931 1011 3001 pueri
1024 2949 1057 2985 ex
1070 2932 1243 2999 Alexandria,

195 3005 277 3075 quiet
285 3005 398 3058 subinde
407 3021 469 3057 eum
481 3002 556 3072 Syris
563 3001 677 3055 fidicinis
686 3003 895 3071 conjunguntur,
903 3009 934 3054 ut
942 3020 958 3055 a
966 3001 1119 3071 Capitolino
1132 3003 1160 3055 in
1172 3003 1254 3074 Vero,

195 3093 253 3145 cap.
264 3080 290 3130 S.
320 3075 366 3130 Sia
377 3075 406 3127 in
415 3073 567 3144 fragmento
579 3071 708 3138 Petronii,
718 3073 790 3143 quod
798 3079 861 3126 tom.
870 3071 909 3125 iii.
920 3090 947 3142 p.
959 3077 1002 3126 72.
1011 3072 1187 3142 produximus
1191 3075 1244 3144 fa-

227 3280 267 3327 97.
291 3279 342 3334 Quo
352 3279 460 3339 teseroor
469 3277 536 3324 tate
547 3277 577 3324 G.
593 3292 702 3338 perquem
713 3274 771 3322 mili
781 3291 839 3336 sepa
845 3275 907 3335 plac.
923 3271 962 3321 L.'
973 3275 1080 3336 peritura
1088 3275 1122 3335 pl.
1140 3273 1168 3321 P.
1189 3274 1245 3322 reli-

195 3342 239 3407 qui
249 3358 335 3390 omnes
344 3344 459 3404 feritura,
472 3340 608 3404 quodlicet
619 3339 691 3387 metri
702 3338 763 3387 vitio
777 3339 878 3394 laboret,
890 3337 992 3386 dictioni
1003 3346 1086 3386 tamen
1099 3339 1247 3386 Maximiani

194 3406 339 3455 conveniens
350 3414 394 3454 est.
432 3407 503 3454 Coni'.
517 3423 538 3452 v.
555 3410 598 3454 131
612 3413 637 3452 et
651 3410 704 3453 134.
742 3409 781 3452 98.
803 3406 981 3466 Vulnificnmque
993 3403 1024 3450 V.
1043 3404 1086 3450 Gr.
1100 3404 1129 3450 L.
1146 3403 1176 3451 P.
1196 3422 1245 3451 mo-

194 3475 332 3535 rtificansque
349 3473 379 3520 G.
424 3476 463 3520 99.
486 3473 587 3532 Perp‘usa
602 3472 682 3516 rubore
700 3470 731 3517 V.
747 3469 791 3516 Gr.
816 3471 913 3530 perfuso
928 3471 978 3515 rub.
1002 3467 1032 3514 G.
1068 3472 1121 3515 100.
1141 3469 1247 3529 Namque

186 3539 260 3598 jacea.
276 3536 306 3584 L.
342 3541 396 3584 102.
412 3537 462 3582 Nee
472 3537 583 3597 quicquid
596 3534 639 3581 Gr.
654 3534 683 3581 L.
699 3534 730 3580 G.
750 3533 922 3592 letificareaolet
935 3532 967 3580 G.
1003 3535 1056 3579 103.
1070 3533 1206 3578 Nuncoelat
1214 3532 1244 3580 V.

197 3604 247 3649 Nec
262 3603 323 3649 adast
341 3601 384 3648 Gr.
414 3601 463 3647 Hic
479 3601 519 3646 ael.
537 3600 568 3646 R.
582 3599 611 3646 L.
639 3600 719 3644 merito
734 3605 756 3643 te
775 3598 808 3644 R.
822 3596 853 3644 G.
867 3598 978 3657 plonyom
992 3595 1023 3642 G.
1070 3600 1123 3643 104.
1145 3596 1247 3643 Amidae

194 3666 378 3729 quodvulgatoe.
402 3664 605 3726 anonaqnocv.
621 3663 651 3710 R.
668 3662 710 3710 Gr.
726 3661 754 3709 P.
771 3662 801 3708 G.
820 3662 961 3722 assuetaque·
973 3659 1002 3707 L.
1050 3664 1102 3707 105.
1125 3662 1247 3722 Hanceyo

196 3730 227 3777 V.
243 3731 274 3779 R.
292 3731 337 3778 Gr.
350 3730 381 3779 L.
396 3729 428 3776 G.
445 3735 605 3776 nocteetooee
619 3727 648 3774 L.
691 3728 744 3776 107.
768 3727 833 3781 Quid
842 3726 911 3786 deflm
924 3725 953 3772 L.
996 3728 1049 3772 109.
1073 3726 1245 3786 Vader'nquam.

197 3795 249 3844 Hie
260 3810 344 3842 versus
354 3810 413 3843 eum
423 3799 469 3842 110
480 3800 504 3841 et
515 3797 569 3841 111.
581 3792 606 3838 in
619 3790 702 3838 codiee
715 3792 746 3838 R.
759 3789 935 3845 desiderantur,
942 3795 1027 3836 contra
1037 3787 1180 3837 inseruntur
1191 3797 1246 3850 pest

194 3875 293 3908 versum
306 3865 360 3908 124.
377 3859 412 3907 sic
428 3857 519 3905 mutati
535 3865 560 3904 et
576 3855 731 3917 interpolati:
753 3856 827 3916 Eripe
843 3856 906 3901 dolce
922 3861 992 3915 caput
1007 3855 1129 3914 solitasque
1144 3855 1247 3915 reeolliye

194 3927 263 3981 aim,
276 3926 312 3972 Et
321 3926 365 3972 titi
375 3925 478 3985 oopnatia
494 3929 556 3969 utere
570 3923 667 3968 deliciis.
706 3922 771 3968 Saloe
787 3922 881 3980 inquam
890 3919 954 3981 felia
965 3934 1050 3979 semper
1060 3919 1171 3978 filicibus
1181 3927 1246 3980 apto,

196 3991 232 4039 Et
247 3992 275 4037 de
291 3991 394 4051 copmtia
409 3996 470 4036 atera
485 3989 580 4034 deliciis.
616 3985 647 4032 In
659 3983 712 4032 eod.
726 3985 755 4032 L.
767 3982 890 4030 distichon
907 3982 1018 4030 hocloco
1029 3983 1104 4038 abest,
1116 3981 1158 4029 aed
1170 3982 1246 4042 subji-

195 4054 260 4103 citur
276 4062 332 4116 post
348 4069 446 4101 versum
460 4057 514 4100 122.
533 4058 558 4098 et
574 4049 600 4097 in
616 4057 713 4097 vetusta
732 4050 815 4096 Germ.
834 4054 889 4107 pest
905 4063 926 4094 v.
941 4051 994 4095 124.
1033 4048 1098 4094 Saloe
1109 4049 1203 4108 inquam
1216 4048 1246 4095 L.

201 4121 253 4167 Vale
263 4121 340 4181 inquit
354 4119 385 4166 G.
415 4118 549 4166 Vademodo
563 4116 608 4163 Gr.
654 4117 707 4162 110.
732 4115 797 4161 Utere
813 4113 917 4172 raynutio
932 4119 994 4158 atera
1010 4112 1052 4158 del.
1066 4112 1097 4160 V.
1113 4111 1142 4161 B.
1157 4111 1197 4160 Pi.
1215 4112 1246 4160 0.

198 4184 254 4246 Bip.
285 4185 319 4231 Et
330 4185 373 4231 obi
384 4183 487 4246 coquam
502 4181 533 4230 R.
550 4181 595 4228 Gr.
610 4180 638 4228 P.
655 4178 686 4226 G.
714 4179 755 4225 En
766 4179 809 4225 ribi
820 4193 882 4238 copo.
897 4176 926 4223 L.
