3228 4982
410 431 452 494 Is
470 429 717 495 Msxonssus
734 420 1055 496 Wssssoossssss.
1198 436 1258 496 107

203 569 230 622 ii.
243 574 268 634 3,
283 573 315 622 21
331 586 369 638 sq.
409 567 591 621 Tritissimum
603 567 676 620 huno
688 568 721 620 de
738 567 874 620 communi
886 567 1026 620 hominum
1042 574 1113 621 sorte
1125 567 1258 621 moriendi

204 639 301 704 locum,
323 637 445 708 pluribus
467 637 581 690 aliorum
600 637 740 690 sententiis
762 637 931 690 accumulare
952 643 1151 692 versos—9.
1178 637 1257 706 Erqo

204 713 278 778 quod
289 703 474 775 adstrictum]
488 707 515 761 h.
529 725 552 761 e.
566 713 639 760 orote
655 725 718 760 eum
733 707 851 760 humana
867 707 1019 761 conditione
1032 709 1215 776 conjunctum,
1230 716 1258 761 et

203 779 361 832 necessitate
373 777 489 849 quadam
500 777 585 829 fixum
597 783 646 842 est,
662 794 715 860 qua
727 795 755 830 se
768 777 903 832 exsolvere
916 795 994 830 nemo
1007 777 1101 847 possit.
1139 777 1255 831 Videtur
1352 779 1354 784 ’

204 866 236 902 eo
255 850 335 902 verbo
354 847 486 917 respicere
505 847 539 899 ad
558 852 719 900 sententlsm
739 845 856 912 Horatii,
877 864 931 917 qua
950 849 1041 900 diram
1058 849 1256 902 Necessitatem

203 918 398 986 elavosfiqere
415 917 579 982 hominibus,
599 934 649 969 neo
668 934 746 986 posse
766 917 815 970 hos
833 920 928 970 mortis
950 918 1056 986 laqueis
1076 936 1105 971 se
1126 920 1254 987 expedire

205 988 297 1042 scribit
311 987 401 1041 Oarm.
415 987 454 1039 i1i.
467 991 511 1051 24,
526 992 543 1039 5
555 1004 594 1056 sq.
632 985 757 1039 Insinuat
772 986 824 1039 hoo
843 986 998 1040 scholiastes
1015 986 1133 1054 Horatii,
1148 988 1195 1057 qui
1209 1005 1255 1040 eo·

205 1059 267 1111 dem
277 1059 358 1112 verbo
371 1057 405 1110 sd
416 1056 595 1110 enarrandum
606 1056 679 1109 huno
691 1057 781 1109 losum
793 1056 895 1110 utitur:
915 1057 982 1110 Cum
991 1060 1150 1111 necessitate
1159 1060 1255 1112 mortis

205 1130 340 1181 adstricta
358 1131 395 1180 sit
410 1125 529 1179 humone
548 1128 676 1191 conditio,
690 1144 738 1180 nec
750 1129 844 1195 possis
862 1135 887 1180 te
904 1128 960 1180 ullo
979 1129 1096 1181 remedio
1115 1129 1186 1193 inde,
1205 1135 1256 1180 aut

200 1200 317 1265 proemio
329 1199 470 1250 redimere.
496 1195 629 1248 Nonnulli
641 1195 745 1249 codices
757 1196 852 1264 legunt
863 1196 942 1264 Erqo
955 1199 1029 1265 quod
1036 1200 1170 1262 attritum,
1183 1197 1255 1267 quod

204 1267 227 1319 si
239 1267 404 1336 praeferatur,
419 1265 607 1336 explicandum
619 1265 679 1332 erit,
693 1265 753 1331 iter,
769 1267 840 1336 quod
852 1266 945 1319 multis
958 1266 1105 1320 multorum
1113 1267 1254 1320 hominum

204 1337 326 1406 passibus
338 1343 401 1390 ante
415 1337 475 1404 jam
486 1335 581 1400 tritum
598 1341 625 1388 et
636 1335 836 1405 frequentatum
848 1341 1013 1390 est—10.
1034 1338 1146 1391 Festino
1157 1355 1252 1406 yressu

203 1403 336 1531 sgneerffl
358 1405 438 1528 Confi
449 1405 528 1474 Eleg.
541 1405 559 1458 i.
572 1409 625 1459 275
638 1411 793 1476 sq.—-·12.
809 1407 873 1459 Hoc
884 1424 925 1461 me
935 1409 989 1477 def
1002 1409 1055 1461 oio.
1065 1417 1149 1476 parte
1157 1403 1252 1476 puto]

233 1493 286 1531 on.
336 1493 379 1545 eg.
391 1476 410 1530 i.
445 1480 485 1529 17.

238 1625 260 1668 9.
280 1621 347 1676 Quod
355 1623 491 1669 adarim
501 1621 607 1683 vulgatae
618 1636 703 1669 omnes
714 1627 769 1681 post
782 1620 881 1669 Asoens.
908 1623 970 1682 qood
979 1623 1084 1668 attritum
1096 1621 1126 1668 V.
1139 1622 1170 1668 G.
1194 1622 1256 1682 quod

198 1687 486 1810 ''sit‘tnrggcyuzth'uiequid
494 1687 562 1734 m'tab.
575 1703 598 1733 n.
612 1685 642 1734 L.
689 1690 726 1733 11.
748 1687 792 1732 Sese
801 1687 854 1747 jetm
869 1687 950 1746 defleto
963 1685 994 1734 R.
1026 1687 1112 1747 Infelix
1128 1687 1197 1732 etiam
1213 1686 1251 1731 de·
