3228 4982
558 452 762 518 Maxrnraru
785 454 935 519 Euenus.

222 602 323 686 Nigra
337 601 511 688 supercilia,
528 613 561 667 et
575 603 659 667 frons
674 603 783 681 libera,
799 604 921 669 lumina
935 605 1028 681 clara,

266 705 412 770 Urebant
426 705 568 769 animum
582 728 666 791 saepe
682 716 790 770 notata
803 729 922 771 meum.

222 806 386 871 Flammea
399 806 505 882 dilexi,
520 807 744 895 modicumque
759 808 915 872 tumentia
929 808 1026 886 labra,

264 908 357 984 Quae,
373 918 497 993 gustata
510 908 598 984 mibi,
614 908 702 974 basia
716 908 810 994 plena
824 909 945 974 darent.

220 1010 259 1073 In
273 1010 366 1074 tereti
381 1010 461 1075 collo
475 1010 577 1074 visum
592 1021 639 1074 est
652 1011 816 1097 pretiosius
831 1035 953 1089 aurum,

264 1112 465 1199 Gemmaque
476 1111 597 1198 jndicio
611 1112 681 1199 plus
697 1113 818 1178 radiare
832 1136 915 1178 meo.
1017 1169 1018 1175 ,

222 1211 353 1296 Singula
366 1223 458 1300 turpe
473 1213 540 1277 seni
555 1214 715 1300 quondam
729 1215 862 1302 quaesita
876 1215 1001 1292 referre,

263 1314 307 1378 Et
320 1315 405 1400 quod
420 1326 496 1380 tunc
510 1316 627 1392 decuit,
637 1317 707 1401 jam
721 1317 816 1381 modo
831 1316 951 1380 crimen
964 1316 1070 1382 habet.

218 1415 365 1480 Diversos
380 1417 501 1482 diversa
510 1419 643 1503 juvant:
667 1441 731 1483 non
746 1419 893 1483 omnibus
907 1419 997 1483 annis

263 1518 381 1583 Omnia
396 1520 604 1586 conveniunt:
628 1543 677 1586 res
691 1521 777 1607 prius
792 1532 866 1607 apta
880 1532 982 1586 nocet.

219 1620 364 1686 Exsultat
378 1621 504 1686 levitate
519 1645 607 1709 puer,
623 1623 774 1707 gravitate
789 1633 953 1687 senectus:

261 1721 350 1785 Inter
363 1731 533 1808 utrumque
547 1746 679 1788 manens
694 1734 755 1788 stat
764 1723 907 1809 juvenile
922 1725 1027 1789 decus.

218 1821 315 1886 Hunc
329 1823 461 1887 tacitum
474 1824 660 1909 tristemque
674 1825 783 1888 decet:
806 1825 844 1888 fit
857 1825 957 1889 carior
970 1825 1022 1890 ille

261 1923 399 2001 Laetitia,
416 1935 449 1989 et
462 1924 580 2010 linguae
594 1924 775 2010 garrulitate
790 1949 865 1990 suae.

140 2061 143 2068 ‚
219 2026 343 2091 Cuncta
357 2026 453 2090 trahit
467 2050 574 2091 secum
589 2026 744 2113 vertitque
759 2027 897 2092 volubile
913 2037 1048 2114 tempus,

261 2127 331 2192 Nec
345 2129 463 2215 patitur
477 2139 562 2193 certa
576 2151 701 2193 currere
717 2150 852 2216 quaeque
867 2129 927 2193 via.
1023 2149 1026 2156 ’

218 2229 312 2294 Nunc
327 2231 402 2317 quia
416 2230 511 2314 longa
523 2229 602 2293 mihi
616 2230 717 2313 gravis
732 2240 788 2307 est,
805 2241 839 2294 et
852 2230 970 2295 inutilis
986 2241 1071 2308 retas,

260 2332 376 2397 Vivere
392 2356 465 2397 cum
480 2354 648 2420 nequeam,
665 2332 705 2397 sit
718 2333 797 2397 mihi
812 2355 900 2418 posse
915 2334 1005 2398 mori.

217 2433 248 2498 Ο
262 2457 359 2520 quam
374 2436 453 2500 dura
467 2434 582 2521 premit
596 2433 724 2498 miseros
739 2434 876 2499 conditio
890 2435 981 2500 vitae:

260 2536 330 2601 Nec
344 2559 428 2600 mors
442 2535 582 2600 humano
597 2536 740 2620 subjacet
753 2535 890 2600 arbitrio.

216 2638 319 2703 Dulce
333 2638 414 2702 mori
427 2637 558 2714 miseris,
574 2637 631 2702 sed
643 2659 728 2700 mors
742 2646 849 2721 optata
863 2637 999 2701 recedit:

259 2741 314 2818 At,
330 2763 429 2828 quum
443 2740 538 2804 tristis
552 2740 621 2816 erit,
636 2737 831 2825 praecipitata
844 2738 940 2803 venit.

216 2841 275 2906 Me
289 2865 363 2907 vero
377 2843 441 2907 heu
454 2842 549 2907 tantis
564 2842 749 2906 defunctum
763 2840 904 2926 partibus
918 2841 1004 2936 olim,

258 2945 426 3009 Tartareas
440 2944 547 3009 vivum
562 2953 682 3007 constat
695 2942 774 3006 inire
789 2943 863 3006 vias.

214 3046 287 3110 Jam
301 3046 405 3110 minor
419 3045 553 3120 auditus,
569 3053 678 3127 gustus
692 3042 805 3118 minor,
821 3042 889 3128 ipsa
902 3042 1025 3108 minora

258 3147 407 3225 Lumina,
422 3147 475 3212 vix
489 3156 576 3212 tectu
590 3167 718 3210 noscere
733 3156 820 3210 certa
833 3168 925 3232 queo.

216 3249 330 3315 Nullus
345 3250 445 3314 dulcis
459 3250 545 3326 odor,
561 3248 649 3314 nulla
662 3258 710 3313 est
723 3248 802 3313 mihi
816 3259 906 3333 grata
919 3249 1079 3336 voluptas:

260 3352 410 3416 Sensibus
424 3361 586 3438 expertem
600 3350 670 3438 quis
683 3372 843 3436 superesse
858 3349 973 3436 putet?

215 3454 266 3518 En
282 3454 415 3519 Lethoea
427 3476 533 3519 meam
548 3454 685 3517 subeunt
699 3452 816 3517 oblivia
828 3464 980 3530 mentem,

257 3557 327 3620 Nec
341 3556 478 3633 contusa,
495 3555 542 3620 sui
552 3556 621 3641 jam
635 3554 814 3618 meminisse
829 3564 940 3638 potest.

213 3658 268 3721 Ad
280 3657 404 3722 nullum
420 3657 577 3742 consurgit
591 3678 678 3743 opus,
695 3678 769 3720 cum
784 3678 912 3741 corpore
927 3655 1065 3740 languet,

254 3760 362 3846 Atque
377 3759 499 3824 intenta
513 3759 575 3824 suis
590 3760 736 3844 obstupet
749 3758 817 3844 ipsa
830 3757 930 3823 malis.

212 3861 362 3927 Carmina
374 3860 464 3925 nulla
478 3883 573 3924 cano:
597 3860 744 3924 cantandi
758 3882 883 3924 summa
896 3860 1038 3946 voluptas

255 3963 384 4047 Effugit,
401 3975 434 4028 et
447 3961 645 4046 vocisgratia
659 3984 733 4026 vera
747 3962 836 4046 perit.

212 4067 285 4130 Non
301 4065 368 4129 fora
382 4064 522 4140 sollicito,
538 4087 597 4128 nec
612 4063 729 4128 blanda
744 4073 889 4148 poemata
904 4063 998 4146 fingo.
