3228 4982
424 489 463 556 In
484 491 728 557 Mamurrarum
746 492 1066 560 Wnnxsnonrmnn.
1227 504 1269 564 99

218 625 295 698 Virg.
310 627 374 683 AEn.
388 629 423 684 vi.
438 634 506 683 ott:
527 631 604 683 Pars
617 631 735 699 pedihus
748 632 888 698 plaudunt
902 631 1024 698 choreas,
1039 642 1066 686 ct
1083 637 1206 689 earmina
1224 637 1268 692 di·

217 705 404 753 cant—25.
424 701 538 754 Grande
562 698 649 768 erat]
675 699 799 770 Dignum
819 718 879 754 mea
900 719 965 755 cura
984 721 1051 772 opus
1070 703 1219 772 videbatur,
1239 707 1268 763 in

217 785 316 838 magno
335 770 444 839 negotio
465 770 492 822 id
516 771 656 835 habebam,
680 774 795 841 inflexos
820 774 953 840 proditius
977 791 1120 828 numerare
1141 778 1265 844 capillos,

216 837 235 893 i.
249 857 272 892 e.
285 857 427 893 numerare
443 841 602 910 capillorum
618 840 729 894 inflexos
742 844 818 895 orbes
831 843 886 894 sive
899 843 1044 910 cincinnos,
1060 844 1104 914 qui
1120 845 1149 897 in
1161 847 1267 902 ordines

217 910 319 962 circum
338 917 419 980 caput
437 911 578 980 compositi
596 912 629 964 ad
647 912 774 964 verticem
793 930 878 981 usque
897 914 974 982 quasi
992 915 1119 982 gradibus
1139 918 1265 970 ascende-

217 981 291 1034 bant.
328 981 454 1034 Juvenal.
467 981 502 1035 vi.
516 987 584 1034 503:
612 982 666 1035 Tot
678 985 782 1049 premit
797 985 945 1046 ordinibus,
964 993 1004 1037 tot
1019 984 1109 1039 adhuc
1126 991 1265 1056 compaqi-

117 1062 119 1066 ·
218 1051 266 1104 bus
280 1052 365 1104 altum
383 1052 525 1118 AEdificat
540 1061 631 1120 caput.
670 1052 765 1106 Claud.
780 1053 813 1105 de
830 1052 916 1122 Nupt.
931 1053 1004 1107 Hon.
1018 1073 1043 1108 v,
1060 1060 1124 1110 104:
1145 1060 1195 1110 sed
1210 1067 1287 1112 ter·'

218 1123 259 1173 tia
271 1130 345 1175 retro
357 1124 422 1174 Dat
439 1125 532 1175 varios
546 1141 638 1187 uenus,
654 1131 681 1175 et
688 1123 767 1190 justo
786 1125 887 1176 diuidit
903 1125 981 1177 orbes
1000 1125 1113 1179 Ordine.
1153 1127 1265 1183 Sueten.

218 1190 284 1244 Ner.
305 1209 328 1244 c.
349 1196 400 1244 51:
433 1193 516 1245 Circa
537 1195 637 1245 meltum
658 1192 829 1262 hahitumque
849 1196 918 1247 adeo
937 1197 1091 1262 pudendus,
1113 1204 1144 1249 ut
1163 1215 1266 1251 comam

216 1279 322 1330 scrnper
343 1265 371 1315 in
394 1265 499 1329 pradus
515 1264 678 1332 formatam,
700 1267 924 1331 pereprinatione
945 1265 1072 1318 Achaica
1094 1270 1176 1320 etiam
1192 1287 1266 1336 pone

217 1335 343 1386 verticem
363 1335 534 1387 summiserit.
572 1334 634 1388 Vid.
655 1332 911 1387 Hadr..1uniusde
931 1335 1025 1401 Coma,
1046 1354 1104 1406 cap.
1123 1344 1264 1394 7.—26.

217 1403 252 1454 In
264 1407 341 1456 niveo
349 1405 430 1470 pulla
442 1405 530 1456 colore
542 1401 643 1471 coma]
667 1402 746 1458 Ovid.
761 1405 823 1458 Am.
837 1403 865 1458 ii.
879 1410 905 1470 4,
921 1410 968 1459 41:
991 1407 1046 1460 Seu
1054 1410 1176 1475 pendent
1186 1411 1265 1463 nicea

212 1474 287 1540 pulli
298 1476 401 1527 ceruice
413 1475 634 1542 capilli—27.
648 1476 738 1526 Dura
750 1483 904 1544 stantesque
911 1474 1054 1546 papilla]
1076 1477 1266 1534 Broukhusius

217 1544 251 1595 ad
263 1543 385 1612 Propert.
399 1544 427 1598 ii.
444 1549 484 1606 12,
499 1549 543 1610 21,
561 1545 653 1598 scribit
670 1545 868 1598 Maximianum
884 1546 935 1599 hoc
951 1547 1010 1600 loco
1027 1547 1056 1600 in
1072 1549 1161 1602 animo
1177 1549 1264 1618 habu·

217 1613 269 1666 isse
285 1632 392 1668 versum
409 1614 517 1679 Lucilii,
536 1615 583 1684 qui
600 1615 671 1684 apud
688 1615 808 1668 Nonium
821 1634 845 1668 v.
867 1618 951 1670 Stare
974 1625 1063 1670 extat:
1087 1620 1144 1672 Hie
1168 1638 1266 1688 eorpus

216 1686 332 1738 solidum
350 1687 477 1750 inuenies,
498 1685 543 1738 hie
560 1694 635 1738 stare
652 1686 776 1753 papillas
795 1687 910 1740 Pectore
928 1705 1087 1742 marmoreo.
1127 1689 1197 1742 Sunt
1215 1707 1264 1744 au-

217 1761 272 1807 tem
290 1763 393 1808 stantes
409 1756 525 1824 papilla
543 1755 661 1824 corporis
679 1756 758 1808 solidi
776 1756 917 1826 vegetique
935 1758 1150 1826 juvencularum,
1170 1778 1264 1830 quem-

217 1826 361 1879 admodum
363 1827 490 1894 jacentes
502 1825 544 1878 vel
551 1829 700 1894 pendentes
712 1843 832 1878 mamma
844 1827 1003 1881 vetularum.
1036 1827 1098 1882 Vid.
1111 1837 1168 1884 not.
1182 1838 1264 1885 nostr.

217 1897 251 1948 ad
264 1895 410 1958 Moratum,
426 1914 450 1950 v.
464 1901 507 1949 34.
545 1897 679 1948 Praeterea
697 1895 845 1950 Burmann.
864 1898 898 1949 ad
914 1897 1026 1951 Anthol.
1045 1905 1109 1953 tom.
1127 1899 1145 1954 i.
1164 1917 1189 1968 p.
1204 1905 1265 1956 516.

217 1971 244 2019 et
261 1971 438 2026 648.-,-28.
458 1968 606 2019 Clauderet
622 1984 677 2018 una
693 1963 814 2033 manus]
848 1965 1003 2036 Sublegisse
1019 1969 1070 2022 hoc
1087 1969 1209 2023 Martiali
1224 1972 1266 2024 vi-

217 2037 304 2102 detur,
323 2037 376 2091 xiv.
394 2042 458 2090 134:
485 2037 598 2102 Fascia,
620 2045 767 2090 crescentes
789 2039 903 2091 domina
923 2056 1058 2106 compesce
1073 2042 1209 2108 papillas,
1231 2042 1269 2096 Ut
1305 2047 1307 2052 ’

216 2111 261 2174 sit,
281 2110 355 2176 quod
370 2110 466 2176 capiat
482 2116 576 2161 nostra
595 2116 721 2175 tepatque
739 2125 843 2161 manus.
882 2107 959 2162 Conf.
975 2109 1054 2163 Ovid.
1068 2109 1131 2162 Am.
1149 2110 1167 2164 i.
1181 2117 1207 2176 5,
1222 2117 1266 2167 20.

217 2177 308 2232 Verbo
326 2181 509 2244 constrinpere
525 2177 613 2230 utitur
629 2184 722 2230 auctor
738 2177 858 2247 Epithai.
873 2177 955 2232 Laur.
968 2197 994 2233 v.
1008 2184 1168 2234 82.--29.
1183 2183 1265 2236 Men-

217 2257 268 2301 tem
285 2248 418 2302 stomachi
426 2249 542 2318 suttura
559 2245 706 2315 movebat]
745 2247 890 2301 Manifesta
907 2249 1055 2318 exprimere
1071 2251 1157 2304 voluit
1174 2251 1265 2306 Hora-

216 2318 285 2371 tium
306 2319 391 2372 Serm.
410 2319 439 2372 ii.
459 2324 484 2383 3,
507 2323 572 2372 154:
597 2319 739 2385 Deficient
759 2321 864 2387 inopem
886 2337 958 2372 aena
980 2328 1014 2385 te,
1037 2323 1068 2373 ai
1088 2322 1162 2375 cibus
1184 2331 1266 2391 atque

216 2391 315 2456 Inpens
328 2392 442 2442 accedat
455 2389 592 2443 stomacho
596 2390 710 2459 fultraa
723 2391 820 2442 ruenti.
859 2389 1037 2512 Seglsultura
1055 2391 1189 2446 stomachi
1204 2392 1264 2447 Ho-

215 2459 284 2512 ratio
297 2467 337 2512 est
350 2461 470 2513 ciborum
485 2460 570 2530 copia,
585 2459 682 2530 quihus
701 2459 830 2528 impletur
847 2467 874 2513 et
932 2460 1002 2514 citur
1021 2463 1182 2516 stomachus.
1202 2482 1265 2517 nam

216 2530 255 2582 sic
271 2537 298 2583 et
315 2531 360 2582 aiii
376 2530 525 2599 loquuntur
541 2531 573 2582 de
590 2530 658 2593 cibo,
674 2537 705 2582 ut
722 2529 831 2583 Lucret.
846 2529 880 2583 iv.
894 2535 962 2584 865:
984 2533 1138 2600 Propterea
1155 2537 1267 2602 capitur

168 2621 170 2626 ·
215 2601 299 2666 cibus,
314 2609 344 2654 ut
359 2601 502 2670 suffulciat
517 2609 602 2653 artus.
641 2599 824 2652 Maximianus
839 2600 926 2653 alieno
941 2619 1022 2653 sensu
1038 2603 1206 2655 stomachum
1219 2621 1264 2657 ac-

216 2672 287 2740 cepit
304 2671 337 2723 de
353 2679 428 2739 parte
445 2670 569 2738 pectoris
584 2670 628 2723 cui
646 2670 765 2738 suhjacet
782 2670 944 2734 stomachus,
958 2689 1021 2723 nam
1040 2679 1168 2742 sequente
1186 2691 1267 2728 versu

210 2750 307 2809 pestiis
323 2741 413 2810 ipsum
429 2740 558 2794 nominat.
596 2740 654 2793 Nec
670 2740 802 2793 insulsum
819 2741 885 2792 adeo
896 2740 981 2793 videri
996 2742 1083 2808 debet,
1098 2744 1266 2798 stomachum

215 2829 264 2881 pro
276 2818 384 2880 pectore
397 2811 523 2878 positum,
539 2829 600 2863 cum
618 2811 699 2864 etiam
711 2819 808 2879 pectus
824 2828 873 2879 pro
885 2811 1022 2866 stomacho
1038 2813 1157 2882 positum
1173 2815 1264 2868 videa-

215 2888 261 2934 tur
276 2882 304 2934 in
322 2882 369 2934 illo
382 2881 491 2935 Horatii
507 2881 542 2934 A.
556 2881 587 2934 P.
601 2887 665 2934 337:
694 2883 780 2934 Omne
796 2899 991 2948 sapervacuum
1007 2884 1089 2951 pleno
1106 2886 1139 2937 de
1152 2893 1265 2952 pectore

214 2961 317 3006 manat.
355 2951 426 3004 Nam
445 2952 582 3020 probabile
600 2959 649 3016 est,
669 2951 713 3004 hic
734 2952 919 3020 metaphoram
937 2953 998 3005 duci
1017 2971 1033 3005 a
1051 2955 1197 3020 stomacho,
1218 2953 1265 3025 qui

215 3022 282 3075 cibis
298 3022 421 3092 oppletus
439 3039 538 3074 nausea
554 3029 745 3086 commovetur,
764 3028 795 3074 ut
811 3020 923 3089 rejiciat,
941 3040 1000 3093 quae
1017 3023 1162 3078 abundant.
1200 3025 1219 3078 J
1221 3043 1265 3079 am

205 3093 320 3162 fultura
338 3091 472 3147 stomachi
489 3089 657 3145 Maximiano
674 3100 714 3144 est
730 3109 792 3160 pars
808 3092 909 3144 ventris
927 3093 1063 3158 tumidior,
1085 3111 1144 3164 quae
1162 3095 1265 3164 pectori

215 3165 316 3228 subest,
331 3179 390 3233 quae
408 3165 477 3216 bene
495 3163 572 3227 farta,
587 3163 667 3231 plena
685 3170 712 3215 et
730 3179 849 3228 carnosa,
867 3162 942 3233 quasi
961 3169 1080 3216 tomento
1098 3173 1192 3232 pectus
1211 3166 1263 3218 im·

214 3233 319 3286 minens
332 3234 462 3297 sustinet;
483 3233 707 3302 quemadmodum
716 3233 819 3302 firlciri
835 3239 901 3299 toro,
917 3233 1025 3302 cespite,
1039 3234 1151 3302 pulvino
1168 3235 1263 3290 dicun·

214 3310 268 3369 tur,
283 3304 330 3374 qui
348 3303 474 3358 insident.
514 3303 603 3356 Simili
620 3303 907 3372 vocabulojialmenta,
922 3303 940 3358 i.
954 3322 977 3357 e.
994 3303 1158 3372 fulcimenta,
1179 3307 1266 3361 utitur

215 3374 299 3428 Focas
314 3374 463 3430 Grammat.
479 3373 507 3426 in
522 3374 577 3427 vita
590 3373 708 3444 virgilii,
723 3391 748 3429 v.
761 3379 812 3428 27:
839 3375 929 3428 Terra
948 3378 1116 3430 ministravit
1124 3379 1223 3447 flores,
1238 3387 1266 3432 et

214 3461 322 3498 manere
341 3463 423 3498 uerno
443 3445 571 3498 Herbida
590 3447 734 3513 supposuit
748 3461 837 3512 puero
850 3445 990 3515 fulmenta
1009 3448 1151 3500 virescens.
1189 3447 1263 3501 Lau-

215 3513 278 3568 dare
298 3514 383 3584 igitur
404 3514 588 3567 Maximianus
610 3515 638 3567 in
659 3514 750 3582 puella
773 3514 832 3567 vult
856 3532 953 3584 eorpus
976 3515 1093 3568 habilius
1115 3523 1143 3568 et
1166 3533 1264 3570 succu-

213 3584 327 3650 lentum,
348 3584 455 3655 quando
474 3584 549 3637 alvus
565 3585 668 3654 pectori
685 3585 806 3652 subjecta
823 3584 943 3654 paullum
965 3591 1056 3654 turget
1074 3591 1101 3638 et
1119 3586 1263 3655 prominet,

214 3673 274 3726 quae
299 3663 392 3709 contra
415 3655 444 3708 in
467 3653 618 3708 macilentis
643 3661 670 3708 et
693 3654 819 3708 seniculis
843 3654 979 3709 seductior
1002 3662 1052 3721 est,
1071 3661 1181 3779 pectore
1204 3675 1263 3710 ma·

213 3725 256 3795 gis
282 3725 474 3796 propendente.
523 3726 628 3779 Auctor
656 3723 758 3779 Moreti
784 3743 809 3779 v.
839 3730 894 3778 34:
927 3727 1044 3780 Pectore
1082 3734 1140 3792 ata,
1164 3729 1265 3796 jaceas

213 3799 345 3862 mamis,
365 3799 545 3866 compressior
562 3797 632 3851 aloa.
671 3795 785 3850 Ovidius
803 3795 985 3866 Metamorph.
1002 3796 1057 3852 viii.
1075 3802 1137 3864 805,
1158 3797 1191 3851 de
1209 3797 1264 3852 Fa·

245 3952 284 3997 26.
304 3950 404 3996 Pulchra
420 3951 492 3997 colare
508 3963 593 3996 omnes
612 3946 731 4008 impressi.
746 3951 813 4010 palla
829 3952 902 3998 coiere
915 3947 946 3998 V.
965 3952 1033 4011 pulsa
1051 3947 1081 3998 P.
1117 3949 1265 4000 Schraderus

212 4011 307 4072 praefat.
319 4013 351 4060 ad
362 4012 467 4062 Emend.
479 4029 504 4074 p.
518 4018 557 4070 56,
569 4011 654 4060 asserit
667 4016 740 4074 palla,
757 4011 833 4075 idque
849 4012 947 4062 duobus
963 4013 1050 4074 meptis
1066 4013 1205 4062 confirmari
1220 4014 1265 4064 ait.

214 4079 252 4128 27.
266 4081 358 4127 Stantes
369 4083 476 4141 duraque
491 4095 545 4140 pap.
560 4078 590 4126 V.
605 4077 634 4126 L.
648 4079 679 4125 G.
696 4081 822 4140 rigidoque
837 4093 883 4138 pro
899 4078 980 4142 glossa
991 4080 1022 4127 V.
1067 4083 1107 4132 28.
1119 4083 1266 4144 instringere

215 4142 246 4188 V.
259 4143 302 4190 Gr.
336 4147 375 4190 29.
388 4144 409 4192 Ο
420 4142 458 4190 vel
469 4145 510 4192 Ha
523 4143 554 4190 V.
568 4139 598 4190 L.
622 4145 675 4191 Heu
692 4151 801 4204 quantum
816 4143 847 4191 R.
865 4145 905 4192 Ha
921 4143 1029 4206 quantum
1041 4145 1071 4192 G.
1089 4149 1198 4194 stomachi
1208 4144 1269 4207 sac·-

213 4215 266 4254 tura
280 4207 311 4255 R.
