3228 4982
482 431 625 496 D1vsns1
643 453 684 494 ln
702 429 981 495 Enucroonlpno.
1178 459 1181 466 ¹
1210 437 1253 495 25

207 592 240 644 et
261 581 478 644 emendandas
503 581 681 666 susceperit,
706 581 779 645 licet
804 581 890 644 haud
914 581 1081 658 defuerint,
1106 582 1160 667 qui
1187 581 1255 644 loca

208 666 360 729 nonnulla
384 689 492 729 earum
520 667 594 730 data
619 667 779 729 occasione
806 667 946 743 citarent,
974 678 1029 730 aut
1054 677 1254 752 exponerent.

209 751 283 824 Quo
296 752 397 835 major
408 751 486 814 mihi
502 774 609 814 caussa
623 751 732 826 adfuit,
745 763 781 814 ut
795 752 927 815 instituti
938 753 1002 814 mei
1012 752 1117 834 legem
1132 763 1256 814 secutus

208 846 333 920 poetam
348 834 500 899 insulsum
515 837 654 920 quidem,
670 837 755 922 quod
772 848 993 920 argumentum
1011 837 1131 913 attinet,
1148 836 1257 900 facun-

208 922 285 983 dum
300 931 408 984 tamen
422 933 455 984 et
469 944 525 1006 pro
545 921 659 985 saeculo
677 943 733 994 suo
753 921 824 984 satis
841 921 1028 1004 elegantem,
1045 945 1064 985 a
1078 922 1175 986 veteri
1196 922 1256 985 situ

208 1006 383 1082 liberarem,
397 1018 430 1069 et
444 1016 647 1090 repurgatum
662 1007 744 1069 iuter
757 1007 869 1070 Poetas
882 1006 1025 1070 Minores
1040 1029 1256 1090 proponerem,

207 1091 381 1174 praesertim
397 1113 469 1154 cum
485 1114 523 1154 ea
536 1090 682 1174 praesidia
697 1091 742 1153 rei
757 1091 904 1174 gerendae
915 1091 993 1153 mihi
1008 1114 1028 1154 a
1042 1091 1113 1154 viris
1128 1092 1257 1155 eruditis

209 1176 407 1260 suppeditata
421 1186 533 1252 essent,
550 1199 622 1258 quae
637 1199 689 1238 me
704 1176 820 1238 hortari
838 1177 879 1239 ad
897 1199 973 1260 opus
991 1176 1071 1238 illud
1088 1177 1258 1261 suscipien-

208 1261 285 1323 dum
309 1261 497 1324 viderentur.
553 1259 696 1333 Quorum
722 1260 881 1345 praecipua
904 1271 940 1322 ut
965 1284 1050 1323 nuuc
1073 1283 1256 1336 memorem,

209 1346 421 1429 manuscripta
435 1345 625 1430 exemplaria
638 1355 744 1407 vetera
764 1345 951 1408 Maximiani
970 1346 1061 1430 plura
1079 1345 1256 1421 adfuerunt,

209 1453 282 1516 quae
297 1431 410 1515 partim
425 1431 490 1514 ipse
509 1431 636 1504 contuli,
654 1430 767 1513 partim
789 1430 901 1492 collata
920 1440 952 1492 et
970 1453 1097 1493 mecum
1118 1453 1259 1494 commu·

209 1516 313 1578 uicata
335 1516 375 1578 ab
397 1516 514 1590 amicis,
538 1515 609 1578 viris
635 1514 773 1590 eruditis,
797 1515 913 1599 accepi.
969 1515 1093 1578 Codicis
1116 1516 1259 1578 Vossiani

210 1600 417 1676 collationem,
440 1623 538 1664 mauu
562 1599 632 1662 Nic.
656 1599 780 1662 Heiusii
802 1599 917 1662 factam
940 1622 1012 1662 cum
1036 1601 1181 1684 exemplo
1207 1601 1260 1662 Pi-

210 1685 337 1748 thoeauo
355 1685 388 1747 iu
410 1685 516 1770 Epigr.
538 1695 570 1747 et
589 1707 692 1768 poem.
710 1696 771 1747 vet.
790 1707 820 1768 p.
841 1690 915 1759 423,
934 1684 1193 1769 descriptamque,
1213 1686 1259 1749 uti

210 1770 319 1832 titulus
333 1770 412 1833 mihi
427 1769 573 1854 praeferre
589 1769 670 1832 visus
685 1779 741 1844 est,
758 1769 798 1832 ab
816 1769 859 1831 H.
882 1770 918 1832 C.
941 1769 1079 1844 Heuuio,
1100 1770 1141 1832 D.
1162 1770 1260 1832 bene-

211 1854 279 1918 vole
296 1855 439 1918 submisit
450 1855 538 1928 mihi,
551 1855 602 1916 cui
612 1864 644 1916 et
658 1853 759 1916 multa
773 1854 834 1916 alia
846 1854 956 1930 debeo,
970 1854 1066 1917 Laur.
1081 1855 1258 1930 Sauteuius,

212 1940 251 2001 V.
264 1941 301 2003 C.
314 1941 368 2025 qui
381 1950 412 2002 et
424 1939 498 2002 alias
510 1939 673 2002 varietates
684 1938 824 2002 lectionis
836 1939 1068 2023 adscripserate
1083 1939 1259 2022 Florilegi0,

212 2025 297 2110 quod
326 2025 391 2109 ipse
420 2024 566 2108 possidet,
597 2023 885 2108 Manuscriptorum
914 2025 1124 2107 antiquorum.
1180 2025 1261 2089 Haec

213 2109 336 2172 collatio
351 2131 577 2195 nonnunquam
589 2109 729 2192 duplices
740 2109 899 2183 lectiones,
911 2110 1053 2193 adeoque
1067 2120 1262 2193 comparatus

126 2195 128 2199 ’
214 2217 287 2257 cum
301 2194 362 2257 alio
379 2195 485 2278 ignoto
501 2194 617 2268 codice,
634 2194 733 2257 offert.
780 2193 876 2266 Quod
895 2193 1037 2257 similiter
1056 2194 1262 2257 animadverti

213 2279 246 2340 in
262 2279 368 2343 codice
385 2279 448 2342 Ms.
468 2302 563 2365 quem
585 2279 739 2342 utendum
759 2278 1092 2425 mihinerhumauiter
1112 2280 1262 2344 concessit

215 2364 241 2426 I.
258 2365 299 2427 N.
320 2364 483 2440 Niclasius‚
505 2364 669 2450 Gymnasii
687 2363 820 2428 Joaunei
871 2365 1097 2446 nueburgensis
1118 2365 1263 2434 Director

213 2449 419 2532 gravissimus
456 2450 526 2512 Hoc
542 2449 721 2534 exemplum
733 2449 892 2533 scriptum,
905 2449 980 2535 quia
993 2472 1056 2512 uuo
1068 2449 1174 2512 codice
1190 2473 1263 2514 curu

214 2534 282 2598 aliis
297 2534 383 2597 libris
399 2545 431 2597 et
445 2534 634 2597 carminibus
652 2556 734 2597 anno
754 2539 838 2596 1494
858 2544 891 2596 et
910 2533 1006 2596 scrius
1026 2534 1145 2618 scriptis
1165 2535 1264 2598 conti-

214 2631 316 2695 netur,
333 2618 406 2681 hiuc
421 2619 498 2681 mihi
513 2619 614 2682 visum
628 2630 676 2682 est
690 2619 723 2681 iu
739 2619 803 2682 fine
821 2618 928 2680 saeculi
948 2618 1024 2681 XV.
1040 2630 1095 2682 aut
1112 2619 1264 2704 principio

215 2706 294 2768 adeo
310 2704 425 2767 decimi
440 2704 518 2767 sexti
533 2715 697 2767 exaratum
713 2717 800 2768 esse.
830 2703 903 2777 Qua
917 2704 950 2766 iu
965 2727 998 2767 re
1013 2714 1050 2768 ut
1065 2705 1178 2768 dubius
1193 2706 1262 2781 sim,

216 2790 290 2853 facit
305 2789 460 2874 inprimis
475 2789 628 2852 distichon
646 2789 766 2872 Elegiae
782 2790 821 2854 iv.
838 2812 867 2851 v.
882 2795 935 2865 24,
952 2813 971 2852 a
987 2790 1124 2852 Gaurico
1136 2789 1264 2854 fraudu·

215 2874 317 2937 lenter
338 2875 496 2950 omissum,
515 2874 601 2958 quod
622 2875 751 2958 scriptor
772 2875 865 2958 hujus
887 2874 1023 2957 exempli
1045 2896 1108 2936 uou
1130 2874 1163 2936 iu
1186 2875 1264 2938 serie

216 2970 389 3034 contextus,
414 2959 526 3022 sedin
550 2958 691 3041 margine
717 2958 887 3104 adscripsit.
934 2958 1030 3019 Unde
1053 2957 1185 3041 suspicio
1207 2969 1263 3035 est,

216 3045 360 3108 habuisse
388 3067 461 3107 eum
485 3054 558 3106 aute
583 3042 687 3106 oculos
710 3064 823 3126 exemp
836 3065 890 3104 um
916 3041 1046 3106 Gaurici
1062 3041 1264 3127 impressum,

216 3131 300 3214 quod
321 3151 404 3192 anuo
423 3129 524 3214 primo
543 3129 649 3192 saeculi
669 3129 754 3190 XVI
772 3128 935 3210 vulgatum
953 3137 1008 3203 est,
1029 3139 1061 3191 et
1080 3128 1264 3213 scripturam

216 3238 305 3278 suam
321 3215 350 3277 ei
365 3214 634 3290 accommodasse3
657 3213 690 3276 in
705 3237 768 3297 quo
784 3213 858 3298 quia
873 3214 1022 3277 omissum
1036 3215 1164 3277 videbat
1178 3215 1265 3278 disti-

217 3299 307 3376 chon,
322 3301 406 3386 quod
420 3300 454 3362 iu
468 3299 587 3384 scriptis
602 3299 834 3384 exemplaribus
848 3299 1036 3376 inveniebat,
1052 3299 1174 3385 putavit
1187 3300 1267 3363 illud

217 3386 250 3447 in
264 3385 405 3468 margine
420 3386 611 3469 ponendum.
657 3385 711 3447 Ad
724 3385 822 3448 finem
838 3385 918 3459 libri,
935 3385 1044 3448 itidem
1062 3385 1095 3447 in
1113 3385 1265 3467 margine,

217 3470 345 3554 apponit
374 3470 537 3545 distichon,
565 3470 650 3555 quod
678 3492 794 3532 nomeu
823 3469 940 3532 librarii
970 3469 1108 3532 iudicare
1133 3469 1265 3531 videtur.

219 3555 315 3628 Quod
335 3555 409 3641 quia
427 3555 577 3617 mendose
597 3565 630 3617 et
649 3555 779 3617 obscure
797 3553 946 3637 scriptum
964 3563 1020 3628 est,
1037 3575 1159 3638 appono
1176 3552 1264 3628 illud,

215 3641 295 3786 qicut
309 3639 464 3788 iu4qrdice
482 3639 632 3704 Ecclesiae
646 3638 806 3703 Patavinae
818 3638 936 3702 lectum
952 3637 1047 3702 refert
1060 3637 1264 3715 Fontaniuus,

230 3771 238 3786 .
255 3748 280 3788 c.
296 3748 326 3809 p.
398 3749 405 3787 :

310 3843 444 3906 Talibus
459 3843 588 3926 irrsectcc
604 3844 739 3930 deponis
754 3843 853 3906 verba
867 3852 1004 3906 senectce

349 3928 500 4013 Scriptus
514 3927 553 3988 ab
570 3927 758 4004 Erimacho,
775 3928 994 4003 ulaxlmtane,
1011 3928 1118 4012 Lupe.

114 4047 118 4053 ’
221 4061 307 4126 Huic
329 4083 420 4145 porro
443 4061 604 4144 subjungit
623 4083 728 4126 versus
751 4085 792 4128 ex
809 4062 910 4128 alieno
929 4061 1067 4127 carmine
1084 4061 1146 4126 huc
1168 4071 1266 4125 trans·
