3228 4982
368 456 408 516 14
649 450 734 514 Vrrn
752 470 793 512 ar
809 451 902 513 Aera
920 449 1134 512 Maxumum.

366 602 619 668 Diversissimum
634 600 714 664 adeo
728 601 861 664 duorum
877 599 1051 684 legatorum
1067 598 1228 682 ingenium
1244 599 1312 663 fuit.
1343 600 1419 665 Fes-

364 701 415 752 tus
430 689 515 752 enim
530 698 645 772 praeter
659 697 768 750 exacta
783 684 964 769 reipublicae
980 685 1114 768 negotia,
1137 707 1194 769 per
1216 707 1249 748 se
1265 686 1304 748 de
1324 688 1418 751 rebus
1470 720 1482 736 ·

364 774 505 838 ecclesia
531 785 563 836 et
592 771 770 835 ordinandis
801 770 986 834 cerimoniis
1011 794 1083 833 curn
1112 770 1304 868 Imperatore
1335 772 1417 854 egit3

366 858 579 932 Maximianus
595 858 716 920 deserto
739 855 839 919 officio
861 856 986 940 publico
1002 856 1087 918 domi
1109 856 1243 930 demun,
1260 857 1418 920 amoribus

364 945 479 1042 puellae
495 944 639 1006 irretitus.
680 941 794 1027 Neque
809 941 904 1024 igitur
918 941 1097 1004 mirandum
1113 951 1169 1016 est,
1186 941 1211 1004 si
1229 940 1417 1006 Maximiani

364 1051 397 1093 rn
417 1030 544 1114 publica
563 1029 617 1091 illa
637 1027 792 1110 legatione
807 1027 894 1090 nulla
907 1027 1027 1089 mentio
1042 1028 1082 1090 ab
1097 1027 1248 1091 historicis
1264 1027 1346 1090 facta
1360 1039 1417 1091 est.

366 1117 527 1180 Caeterum
547 1138 586 1178 ex
605 1113 658 1176 illo
674 1136 756 1187 casu,
773 1135 868 1198 quern
884 1111 947 1175 doli
962 1123 996 1175 et
1009 1111 1164 1175 lenocinia
1180 1112 1286 1176 Graiae
1301 1113 1417 1197 puellae

364 1201 431 1264 seni
457 1200 652 1263 Maximiano
676 1197 846 1261 attulerant
871 1197 1149 1282 Constantinopoli,
1174 1198 1307 1261 materia
1330 1198 1359 1260 ei
1385 1210 1418 1262 et

365 1309 473 1350 caussa
492 1297 585 1348 enata
607 1284 740 1357 videtur,
765 1293 800 1346 ut
820 1283 962 1368 querelas
980 1283 1019 1345 de
1039 1283 1206 1346 senectutis
1229 1306 1294 1348 suae
1314 1283 1418 1366 ingra-

363 1371 561 1435 vescentibus
584 1367 732 1432 molestiis
758 1369 896 1431 carmine
922 1368 1070 1451 singulari
1096 1379 1277 1453 exponeret.
1332 1370 1416 1432 Nam

364 1457 461 1520 vitam
476 1478 564 1518 suam
579 1464 652 1518 ante
667 1453 837 1516 modestius
854 1465 957 1517 actam
980 1453 1155 1538 respiciens
1173 1465 1205 1516 et
1222 1464 1416 1518 senectutem

363 1564 449 1604 nune
472 1541 556 1625 turpi
579 1538 750 1602 meretricis
774 1539 973 1625 nequissimae
997 1562 1102 1602 arnore
1127 1539 1322 1603 debilitatam
1346 1563 1417 1602 sen-

363 1627 454 1702 tienS,
470 1628 589 1712 pudore
604 1625 720 1709 pariter
734 1634 828 1710 atque
844 1625 1057 1707 indignatione
1074 1636 1295 1700 commovetur,
1307 1637 1342 1688 ut
1357 1626 1416 1688 hoc

364 1713 472 1778 libello
494 1711 704 1776 calamitatem
728 1733 817 1773 suam
839 1710 990 1795 deploret,
1007 1721 1040 1773 et
1053 1710 1134 1774 vitiis
1156 1711 1219 1773 suis
1241 1711 1415 1774 convicium

364 1799 466 1874 faciat,
482 1799 576 1883 plane
598 1807 634 1860 ut
650 1795 807 1871 Tibullus,
824 1797 976 1859 Amorem
999 1795 1152 1871 incusans,
1172 1796 1212 1858 de
1235 1819 1267 1859 se
1289 1797 1416 1881 profite-

363 1894 425 1960 tur,
441 1885 495 1947 lib.
511 1884 542 1946 ii.
559 1889 589 1958 6,
609 1887 665 1946 17:

455 2044 505 2108 Tu
520 2045 669 2108 miser-um
684 2051 815 2127 torques
823 2070 835 2117 ,·
858 2053 892 2105 ta
907 2064 956 2105 nze
970 2040 1047 2104 milri
1063 2042 1139 2104 dira
1149 2043 1288 2125 precari

497 2130 610 2214 Cogis,
626 2138 658 2192 et
672 2129 789 2192 insana
804 2137 905 2191 niente
920 2127 1064 2210 arescendo
1079 2127 1178 2210 loqui.

450 2214 529 2278 Jam
544 2211 786 2297 maleficisaem
803 2214 889 2276 letho
898 2239 910 2286 ,·
936 2214 996 2275 scd
1009 2213 1143 2275 credula
1158 2213 1257 2276 eitam

494 2300 691 2382 Speasooet,
707 2306 766 2358 etc.

365 2468 472 2533 Prima
486 2467 581 2560 igitur
598 2467 718 2552 Elegia,
732 2491 803 2554 quae
819 2468 998 2552 longissima
1008 2469 1105 2554 juxta
1119 2481 1214 2556 atque
1226 2471 1344 2555 optima
1359 2484 1415 2548 est,

361 2556 404 2619 ad
418 2555 610 2640 deploranda
624 2555 792 2618 senectutis
807 2577 871 2618 suae
887 2556 1086 2619 incommoda
1101 2556 1272 2632 descendit,
1288 2557 1333 2620 ita
1347 2559 1416 2643 qui·

363 2642 447 2716 dem,
473 2651 508 2704 ut
527 2640 706 2704 memoratis
728 2641 813 2725 prius
833 2641 960 2717 artibus,
986 2641 1270 2717 exercitationibus,
1295 2643 1416 2706 virtuti-

363 2727 432 2801 bus,
457 2726 571 2811 quibus
594 2726 742 2789 enituerit
760 2726 895 2809 juvenis
919 2750 995 2790 mox
1019 2727 1066 2790 his
1091 2727 1245 2790 contraria
1267 2728 1345 2790 senii
1368 2729 1416 2792 sui

363 2811 439 2875 vitia
453 2812 605 2886 ostendat,
622 2821 654 2874 et
668 2811 841 2895 generatim
859 2834 970 2874 senum
990 2811 1231 2888 deformitatem,
1247 2812 1414 2889 miseriam,

363 2896 622 2973 imbecillitatem,
639 2897 811 2961 socordiam
833 2907 866 2960 et
887 2897 1019 2982 ineptias
1034 2897 1110 2962 vivis
1132 2897 1286 2962 coloribus
1306 2899 1416 2984 depin-

361 2993 426 3067 gat.
473 2982 628 3048 Proximis
647 2983 753 3067 elegiis
774 2993 968 3046 senectutem
988 3006 1077 3046 suam
1097 2982 1255 3047 infelicem
1274 3007 1314 3048 ex
1330 3008 1416 3048 amo-

363 3069 449 3133 ribus
472 3069 576 3134 minus
627 3069 758 3154 resperis
782 3070 984 3145 demonstrat,
1011 3069 1214 3154 nominatque
1240 3081 1312 3146 tres
1339 3094 1416 3156 quas

362 3155 523 3228 amaverit,
547 3093 677 3238 puellas,
695 3155 892 3238 Lycoridem,
910 3155 1104 3253 Aquilinam,
1120 3165 1153 3218 et
1172 3156 1359 3231 Candidam,
1384 3169 1416 3220 et

361 3239 491 3322 singulis
512 3261 564 3301 eas
583 3239 782 3312 carminibus,
799 3239 830 3300 ii.
846 3239 888 3301 iii.
905 3251 937 3302 et
956 3262 996 3302 rv.
1012 3240 1168 3304 decantat.
1215 3242 1299 3305 Cum
1315 3243 1416 3328 Lyco-

362 3324 429 3386 ride
454 3346 487 3387 se
511 3324 555 3387 ait
578 3323 693 3387 multos
716 3346 813 3386 annos
836 3324 1003 3388 indivisum
1025 3325 1148 3402 vixisse,
1164 3349 1249 3390 nunc
1271 3338 1417 3411 provecta

363 3419 456 3475 aetate
481 3409 598 3494 despici
622 3411 662 3472 ab
687 3432 726 3472 ea
743 3420 775 3473 et
792 3409 913 3472 irrideri
936 3411 1144 3497 conqueritur.
1191 3413 1347 3497 Adjungit
1368 3435 1416 3476 se-

385 3495 531 3559 uentibus
554 3495 671 3580 elegiis
692 3495 735 3559 iii.
752 3505 784 3558 et
803 3495 842 3558 iv.
857 3496 1025 3581 praeteritae
1043 3497 1218 3581 juventutis
1240 3522 1361 3562 amores
1383 3499 1415 3562 in

362 3519 548 3668 lquilinam
569 3593 602 3645 et
618 3582 794 3646 Candidam
812 3581 961 3667 inceptos
984 3605 1099 3668 eosque
1119 3583 1163 3647 ita
1182 3595 1296 3659 narrat,
1314 3596 1349 3648 ut
1363 3586 1416 3669 ju-

361 3668 480 3731 veniles
504 3669 655 3754 quosdam
679 3668 774 3743 lusus,
799 3679 832 3732 et
855 3668 955 3732 irritos
979 3669 1054 3732 levis
1079 3669 1177 3734 animi
1204 3680 1297 3734 aestus
1323 3671 1416 3734 fuisse

362 3764 519 3837 appareat.
568 3754 632 3816 Sed
649 3754 708 3816 hoc
723 3753 822 3836 magis
838 3754 923 3817 dolet
938 3754 1094 3838 deinceps
1111 3755 1197 3840 quod
1211 3768 1354 3820 extrema
1369 3779 1416 3819 se-

362 3848 489 3901 nectute
505 3860 542 3901 eo
558 3838 727 3903 dementiae
748 3838 788 3901 sit
806 3839 976 3923 prolapsus,
992 3851 1027 3903 ut
1042 3840 1162 3903 vesanis
1177 3840 1293 3925 puellae
1309 3841 1416 3908 Graiae

362 3921 523 3986 lenociniis
545 3923 657 3987 irretiri
679 3946 712 3986 se
734 3935 902 4008 pateretur,
924 3936 956 3988 et
977 3925 1188 4010 voluptatibus
1211 3926 1287 3990 olim
1307 3928 1417 4012 spretis

362 4030 395 4070 se
411 4008 549 4084 dederet,
566 4009 679 4096 quibus
695 4009 835 4073 sufficere
850 4032 907 4095 per
922 4021 1047 4076 aetatem
1066 4034 1129 4074 non
1148 4022 1260 4096 posset.
1307 4013 1416 4088 Quum

361 4093 455 4178 hujus
480 4095 595 4178 puellae
621 4093 779 4160 lasciviam
803 4105 839 4159 et
866 4095 1029 4161 illecebras
1056 4107 1198 4162 extrema
1224 4099 1326 4181 elegia
1350 4110 1415 4164 tarn
