3228 4982
327 421 367 480 73
599 415 703 478 Nona
721 435 763 476 nr
781 415 900 477 Vanus
918 415 1111 478 anrronas

321 569 376 620 per
388 549 503 603 dumam.
542 547 679 604 Caeterum
691 568 800 617 serpere
817 558 844 602 et
861 568 955 618 repere
971 549 1120 618 permutari
1138 550 1225 602 solere
1239 551 1330 604 notari
1348 553 1383 604 ad

329 621 424 676 Arien.
439 620 487 674 Or.
506 620 577 674 Mar.
596 637 620 674 v.
635 625 830 673 ara—223.
846 621 921 672 Hinc
939 628 979 672 est
996 623 1071 688 qaod
1087 620 1185 674 baculo.
1202 619 1382 688 incumbens]

330 691 375 746 Sic
389 690 484 746 Claud.
498 690 525 743 in
544 689 637 760 Epigr.
656 691 728 743 xxix.
748 691 781 743 de
800 708 861 743 sene
875 690 1035 756 Veronensi,
1049 707 1074 744 v.
1088 696 1120 743 3:
1149 692 1206 754 Qui
1223 692 1319 744 bacato
1338 695 1381 745 ni·

330 771 395 828 tens,
415 764 443 813 in
462 779 517 843 qua
535 763 656 828 reptavit
673 778 767 826 arena,
781 761 808 814 h.
823 779 846 812 e.
861 760 907 830 qui
924 761 1017 812 eadem
1035 759 1064 812 in
1082 761 1174 824 humo,
1196 779 1250 830 qua
1266 763 1383 830 reptavit

328 831 426 896 infans,
441 838 522 883 etiam
540 847 621 883 senex
638 830 721 899 tripes
733 830 820 882 factus
833 837 881 883 est.
920 829 965 882 Ad
977 847 1039 882 eum
1052 831 1141 882 locum
1155 831 1283 884 Barthius
1300 832 1383 884 etiam

328 919 421 954 versus
439 900 599 953 Maximiani
616 899 733 954 adducit.
772 900 901 969 Calpurn.
919 918 942 952 v.
962 905 1008 952 13:
1029 909 1056 953 et
1072 902 1196 953 taauiwn
1210 911 1322 968 premat
1339 905 1381 954 ira·

330 973 433 1024 eliaata
455 975 718 1024 senectus—224.
739 972 856 1024 Verbere
871 971 969 1038 pulsat
987 968 1121 1038 darem]
1151 971 1227 1040 quasi
1247 972 1294 1040 qui
1313 971 1384 1025 fores

330 1043 424 1094 domus
446 1041 545 1110 pulsat,
567 1041 712 1094 intromitti
733 1040 852 1110 cupiens.
881 1057 961 1110 quem
983 1058 1086 1092 morem
1110 1041 1263 1109 significant
1285 1041 1383 1095 Horat.

332 1111 418 1165 Serm.
438 1111 457 1166 i.
480 1116 502 1176 l,
525 1116 565 1164 10.
586 1110 665 1164 Ovid.
685 1110 753 1164 Met.
772 1110 800 1164 ii.
820 1116 880 1176 767,
902 1117 929 1162 et
950 1109 1165 1180 frequentissime
1186 1110 1299 1176 Comici.
1339 1111 1384 1164 Sic

331 1182 424 1248 etiam,
438 1181 484 1252 qui
502 1181 601 1234 inferos
620 1183 670 1235 sub
688 1188 785 1234 terram
805 1180 909 1233 abditos
927 1180 1095 1245 invocabant,
1117 1182 1184 1249 pede
1203 1189 1303 1234 terram
1321 1199 1383 1251 per-

332 1253 479 1316 cutiebant,
494 1259 525 1304 ut
538 1257 578 1304 est
593 1252 666 1320 apud
678 1250 765 1305 Cicer.
780 1251 860 1304 Tusc.
874 1251 902 1302 ii
916 1256 1095 1304 25.-·—225.
1109 1252 1150 1304 Et
1167 1270 1310 1305 numerosa
1326 1270 1384 1306 mo-

332 1319 410 1390 veas]
435 1321 493 1374 Nec
506 1339 648 1375 numerosa
661 1324 785 1389 oestipia,
800 1338 850 1373 nee
862 1329 950 1374 certas
963 1339 1065 1389 passas
1078 1321 1143 1374 satis
1160 1329 1222 1391 apte
1235 1323 1290 1375 seni
1309 1321 1384 1375 ince-

333 1391 407 1444 denti
420 1392 502 1444 tribui
514 1391 646 1444 videntur.
666 1408 807 1445 numerosa
821 1391 892 1442 enim
909 1391 1016 1460 proprie
1033 1399 1096 1443 sunt
1113 1398 1175 1460 apte
1192 1393 1386 1444 adnumerum

334 1468 362 1514 et
379 1478 531 1514 mensuram
551 1469 632 1527 mota,
654 1468 683 1513 ut
702 1479 843 1514 numerosa
862 1462 974 1514 verbera
993 1460 1021 1512 in
1041 1461 1127 1514 Lucil.
1147 1461 1223 1516 AEtn.
1240 1480 1266 1516 v.
1284 1467 1335 1526 383
1359 1469 1387 1515 et

332 1540 421 1584 certas
433 1547 527 1600 passus
540 1539 581 1583 est
595 1531 688 1584 firmus
701 1540 728 1584 et
740 1530 852 1596 validus,
868 1548 962 1584 senum
974 1537 1065 1584 autem
1077 1531 1205 1584 vacillans
1217 1539 1244 1584 et
1257 1533 1386 1602 trepidus

334 1601 437 1655 Contra
455 1601 526 1654 enim
547 1601 649 1655 Seneca
667 1602 699 1655 de
719 1601 819 1671 OEdipo
838 1620 862 1654 v.
883 1607 951 1654 656:
972 1604 1045 1669 repit
1062 1605 1180 1655 incertas
1198 1606 1257 1666 oia,
1278 1604 1387 1656 Baculo

334 1674 414 1726 sarili
435 1675 513 1725 triste
532 1681 701 1741 pratentans
722 1675 782 1726 iter.
825 1671 922 1724 Malim
942 1671 1028 1740 igitur
1048 1690 1191 1726 numerosa
1212 1673 1332 1742 accipere
1354 1674 1389 1726 de

333 1742 520 1812 multiplicatis
531 1743 662 1812 passibus,
678 1743 739 1812 quia
752 1759 815 1795 cum
827 1742 943 1795 minores
955 1742 1055 1810 gradus
1066 1743 1095 1794 in
1108 1742 1200 1795 eodem
1214 1744 1300 1811 spatio
1312 1743 1385 1809 facit,

336 1830 417 1883 quam
430 1813 546 1882 juvenis,
561 1819 619 1866 tum
637 1812 719 1866 etiam
737 1813 837 1882 plures,
850 1812 946 1866 baculo
964 1818 1027 1865 ante
1046 1819 1161 1878 teutone,
1176 1813 1222 1865 ubi
1240 1813 1389 1866 inoffensus

334 1882 449 1936 insistat.
469 1892 542 1936 certo
560 1890 651 1935 autem
670 1883 749 1951 plane
765 1882 845 1935 velim
863 1882 967 1950 ejicere,
987 1889 1014 1934 et
1032 1883 1126 1936 crebro
1165 1901 1228 1936 assa
1247 1901 1386 1952 reponere,

335 1953 406 2022 quod
425 1953 510 2007 codex
526 1953 614 2006 Pulm.
627 1953 864 2006 habuit—226.
879 1953 992 2020 Rapato
1009 1954 1080 2006 ared.
1099 1901 1163 2020 orel
1191 1953 1292 2007 Tibull.
1307 1953 1345 2008 iii.
1360 1961 1386 2020 5,

335 2028 386 2075 25:
413 2025 480 2075 Cum
502 2041 560 2076 mea
581 2041 681 2090 raposa
698 2023 842 2090 pallebunt
862 2040 912 2076 ora
931 2028 1181 2077 senecta—227.
1202 2025 1318 2092 Suscipe
1335 2043 1389 2090 me,

333 2090 484 2161 peremta]
506 2093 623 2146 Turtull.
640 2093 721 2162 Apol.
741 2111 799 2162 cap,
816 2097 864 2146 10:
892 2094 961 2155 Quis
979 2111 1032 2146 aon
1050 2094 1143 2146 coelam
1162 2103 1189 2146 et
1207 2103 1309 2146 terram
1327 2113 1386 2147 ma·

336 2172 403 2216 trem
426 2182 459 2217 ac
478 2173 588 2232 patrem
608 2166 789 2217 venerationis
806 2171 832 2216 at
848 2161 958 2216 horroris
975 2165 1070 2230 pratia
1090 2166 1217 2232 appellet.
1256 2164 1387 2234 Calpurn.

335 2233 390 2287 viii.
409 2239 458 2286 36:
486 2235 617 2301 Corporis
637 2243 664 2286 et
682 2235 806 2301 penetrie
828 2234 913 2286 tellas.
950 2234 1073 2286 Matrem
1093 2233 1205 2286 Terram
1224 2234 1306 2302 vulgo
1325 2235 1389 2305 qui-

335 2302 405 2368 dem,
421 2303 467 2355 sed
483 2303 550 2355 falso
567 2302 627 2368 diei,
643 2304 713 2371 quod
728 2310 789 2372 post
801 2303 1015 2356 Deucalioneum
1027 2304 1158 2356 diluvium
1171 2310 1262 2358 cautes
1275 2323 1389 2374 pepere-

336 2372 391 2424 rint
406 2372 538 2437 homines,
552 2390 600 2441 pro
613 2390 693 2440 scopo
706 2390 754 2424 suo
767 2373 881 2424 affirmat
896 2372 1057 2438 Columella,
1068 2374 1132 2428 cult.
1146 2375 1215 2427 hort.
1231 2393 1255 2428 v.
1270 2380 1313 2441 58,
1329 2393 1390 2446 sqq.
1453 2393 1460 2406 ·

335 2448 468 2496 ——229.
482 2443 604 2511 Nequeo,
619 2444 692 2495 velat
707 2451 778 2507 ante,
794 2445 890 2507 videri,
905 2442 931 2494 h.
946 2461 968 2496 e.
983 2460 1088 2512 nequeo
1101 2444 1217 2512 amplius
1230 2445 1292 2496 talis
1304 2445 1392 2498 rideri

336 2519 363 2567 et
382 2530 509 2583 apparere
528 2513 596 2579 aliis,
614 2520 668 2566 tarn
687 2513 814 2566 colendus
833 2520 860 2566 et
878 2514 1066 2578 observandus,
1082 2515 1168 2584 qualis
1187 2520 1250 2567 ante
1268 2515 1391 2568 fui.—

334 2588 396 2638 230.
409 2585 569 2638 Horreados
582 2580 708 2651 pertua]
729 2584 821 2653 quales
833 2583 896 2636 olim
910 2583 1053 2652 terrigenae
1063 2584 1196 2652 gigantes,
1212 2603 1278 2655 quos
1295 2587 1390 2639 Terrae

331 2664 434 2723 partas
446 2655 564 2724 appellat
577 2654 673 2707 Horat.
689 2654 779 2708 Carm.
792 2654 830 2708 iii.
844 2659 869 2719 4,
886 2659 928 2707 74.
965 2653 1003 2706 Et
1019 2654 1145 2722 ignobilis
1162 2657 1391 2709 contemnendus-

337 2742 389 2794 que
401 2725 481 2776 homo
492 2725 659 2790 terroefilias
672 2724 811 2793 proverbio
822 2724 928 2788 dieitur,
935 2725 1107 2794 fraterculus
1118 2727 1241 2792 piperatis
1250 2726 1269 2779 J
1271 2727 1390 2792 uvenali',

336 2795 371 2848 iv.
392 2799 568 2848 tra—233.
590 2795 761 2862 Suspendere
775 2791 1023 2866 panis,].=yinterim
1041 2795 1168 2860 cruciare,
1187 2796 1295 2860 morari,
1310 2797 1391 2850 disti-

337 2882 408 2920 nere.
436 2864 498 2918 Vid.
516 2883 541 2918 v.
558 2869 749 2918 lta—235.
770 2865 878 2918 Trunca
896 2865 972 2918 titab.
992 2867 1106 2917 sustinet
1123 2861 1227 2932 artas]
1267 2865 1312 2919 Sic
1332 2865 1387 2920 Co-

337 2935 481 2989 lumbanus
493 2935 581 3004 Epist.
595 2935 629 2988 ad
643 2934 757 2988 Sethurn
770 2953 794 2990 v.
809 2941 859 2988 25:
882 2937 932 2988 Sia
947 2936 1043 2988 baculo
1059 2937 1146 2988 nitens
1163 2945 1240 2989 artas
1257 2945 1393 2991 sustentat

338 3008 445 3060 inertes.
483 3005 560 3074 Virg.
581 3005 645 3060 AEn.
665 3005 704 3060 iii.
726 3011 786 3070 659,
808 3007 841 3058 de
861 3006 1042 3075 Polyphemo:
1075 3007 1185 3058 Trunca
1206 3024 1287 3058 manu
1304 3009 1391 3074 pinus

338 3079 410 3144 repit
421 3085 448 3130 et
463 3079 578 3144 aestipia
589 3077 957 3143 firmat.--237.Misero
969 3077 1038 3144 qaid
1045 3077 1148 3145 faeere
1163 3074 1283 3146 differt]
1308 3077 1387 3131 Ovid.

338 3163 371 3198 ex
384 3146 462 3199 Pont.
476 3146 504 3200 ii.
518 3152 543 3211 3,
559 3153 591 3199 3:
613 3149 681 3214 qaid
696 3149 765 3200 enim
777 3155 866 3200 status
877 3146 923 3199 Iric
935 3165 953 3198 α
963 3147 1066 3214 farere
1082 3147 1319 3216 differt—288.
1333 3149 1389 3200 At-

338 3212 423 3282 triti,]
452 3216 585 3268 attenuati
597 3216 640 3268 vel
656 3216 779 3268 emaciati
796 3217 921 3284 corporis.
960 3215 1029 3268 Fere
1045 3223 1134 3275 tamen
1151 3217 1293 3270 admittere
1309 3218 1393 3270 veli-m

338 3284 435 3337 codicis
453 3281 542 3337 Pulm'.
562 3285 704 3337 lectionem
724 3289 845 3338 attracti.
867 3303 930 3337 nam
949 3293 1020 3338 certe
1039 3285 1137 3338 similia
1155 3288 1236 3340 verba
1254 3288 1286 3341 de
1304 3288 1394 3341 macie

337 3353 458 3407 adhiberi
476 3353 570 3407 solent.
609 3354 688 3408 Ovid.
704 3353 769 3408 Her.
790 3354 825 3408 si.
838 3360 886 3408 27:
908 3357 1034 3423 Faperat
1051 3374 1097 3409 ore
1115 3358 1197 3423 colar,
1218 3361 1318 3411 macies
1337 3360 1391 3410 ad-

338 3427 456 3478 duxerat
473 3433 558 3478 artas.
596 3423 692 3478 Manil.
711 3424 746 3478 iv.
764 3429 828 3478 717:
848 3425 981 3494 Asperior
999 3427 1100 3480 solidos
1118 3428 1259 3494 Hispania
1278 3437 1388 3482 coatra-

337 3495 380 3550 tit
395 3505 480 3549 artus.
521 3495 637 3562 Quando
654 3498 746 3549 attriti
761 3499 884 3564 corporis
902 3515 965 3550 ossa
984 3496 1034 3550 sibi
1053 3497 1155 3562 tribuit,
1172 3499 1256 3551 larva
1273 3517 1301 3552 se
1314 3498 1391 3551 simi·

370 3669 417 3713 223
432 3666 562 3711 Incombeas
572 3666 719 3711 cirterasen.
731 3663 762 3710 G.
800 3668 855 3718 224.
872 3665 971 3715 Assidae
984 3665 1014 3712 V.
1028 3664 1058 3711 G.
1076 3665 1256 3723 tanpitleamum
1269 3663 1298 3710 L.
1333 3666 1389 3710 225.

343 3729 409 3775 Certo
426 3737 479 3776 vert.
500 3728 605 3789 vulgate
625 3743 716 3773 omnes.
743 3729 818 3774 crebro
839 3727 894 3774 MS.
915 3728 997 3775 Pulm.
1021 3744 1095 3789 passu
1115 3728 1227 3788 vulgatae.
1254 3743 1334 3788 pressu
1356 3727 1386 3774 L.

332 3793 417 3852 planta
432 3793 462 3840 R.
497 3797 551 3840 226.
567 3795 659 3851 Raposo
670 3792 699 3838 R.
713 3793 800 3838 dicitur
811 3806 856 3851 pro
867 3793 968 3838 creditur
979 3790 1051 3840 idem.
1069 3794 1168 3838 ereditas
1179 3793 1252 3838 habet
1266 3791 1392 3850 Elpeum

337 3855 462 3903 nonnullis
472 3855 533 3902 aliis.
565 3857 632 3902 Talia
649 3872 694 3902 non
708 3863 776 3915 prato
790 3855 818 3901 L.
860 3859 914 3904 227.
935 3857 955 3904 0
973 3858 1085 3903 Genetrix
1099 3856 1131 3902 R.
1174 3860 1229 3903 228.
1244 3863 1268 3903 et
1286 3860 1341 3904 229.
1358 3855 1391 3902 ln

336 3918 419 3967 codice
438 3921 468 3967 R.
486 3918 660 3968 desiderantur.
704 3924 758 3966 228.
778 3921 878 3968 Membra
891 3928 947 3980 peta
959 3937 995 3981 pr.
1014 3921 1044 3967 L.
1087 3923 1142 3966 231.
1165 3921 1275 3981 Tempora
1292 3922 1344 3967 oitoe
1357 3919 1387 3966 L.

337 3987 391 4030 233.
406 3985 537 4030 Extendere
545 3985 620 4044 panis
635 3985 665 4032 R.
702 3989 756 4031 234.
776 3985 883 4045 Corporis
895 3986 940 4031 ista
955 3986 986 4032 R.
1018 3984 1068 4031 Hie
1079 3982 1209 4041 subjicitur
1220 3983 1246 4030 in
1260 3984 1288 4031 L.
1307 3999 1394 4031 versus

336 4045 466 4093 insititius:
488 4050 549 4102 Quos
561 4051 674 4108 quondam
682 4050 774 4108 pateras
783 4050 885 4109 praeisti
893 4057 982 4110 prestare
994 4051 1063 4105 claro,
1075 4047 1126 4094 sine
1139 4055 1298 4107 pentametro.
1334 4052 1389 4100 237.

338 4112 427 4161 Fanere
446 4113 523 4158 dietat.
538 4112 567 4157 L.
609 4117 663 4159 238.
683 4114 737 4158 He‘a
756 4115 803 4158 nisi
822 4116 933 4160 contracti
950 4131 1004 4175 corp
1030 4114 1059 4160 L.
1080 4119 1169 4158 tantam
1185 4116 1268 4160 attenti
1288 4113 1330 4160 Gr.
1348 4114 1392 4158 ab„

333 4177 415 4224 stracti
427 4175 484 4223 MS.
501 4175 583 4222 Pulm.
604 4179 698 4225 attracti
713 4173 743 4224 G.
762 4175 849 4224 melior
860 4177 932 4230 lectio
944 4178 1043 4241 vulgata
1055 4177 1138 4224 attriti.
