3228 4982
280 729 363 822 nn
405 731 725 824 nonnemo
765 707 1145 826 unxrurauo

477 945 729 1016 ETRUSCO
761 946 950 1011 GALLO.

229 1143 291 1214 [Ex
304 1143 435 1197 Editioae
449 1145 597 1197 Poetarum
610 1146 773 1198 Latinorum
785 1145 926 1198 Minorem
946 1143 1197 1215 Warnsdorfiana]

699 1460 724 1524 1.

184 1594 520 1678 Mxxmrnuus
554 1611 815 1688 praescus,
846 1613 921 1700 quia
949 1614 1017 1699 jam
1047 1615 1237 1700 plurimes

182 1698 305 1763 saeculis
326 1698 403 1762 falso
425 1699 564 1764 Cornelii
586 1699 680 1773 Galli,
700 1698 821 1785 antiqui
843 1710 876 1762 et
898 1698 1029 1763 celebris
1051 1713 1163 1784 poetae,
1180 1726 1236 1767 no-

182 1783 268 1847 mine
290 1783 454 1869 insignitus
476 1795 533 1860 est,
556 1785 615 1848 hoc
638 1784 704 1868 ipso
726 1784 815 1870 quasi
837 1785 981 1849 obtectus
1003 1796 1035 1848 et
1054 1787 1236 1852 obscuratus

182 1867 226 1931 ita
248 1869 382 1945 delituit,
404 1881 448 1944 ut,
472 1870 541 1956 quis
563 1869 666 1945 hom0,
688 1891 789 1956 quave
812 1879 906 1932 aetate
929 1870 1045 1946 fuisset,
1069 1894 1163 1936 nemo
1185 1874 1236 1938 vel

181 1953 283 2030 sciret,
308 1955 359 2018 vel
384 1955 475 2018 valde
499 1955 697 2042 anquireret3
731 1955 787 2018 sed
809 1965 974 2041 postquam
1000 1955 1109 2020 fraude
1135 1960 1236 2043 magis

180 2039 338 2124 patefacta
358 2063 432 2104 vero
453 2041 573 2104 nomini
595 2063 651 2104 suo
673 2040 832 2105 restitutus
854 2051 910 2116 est,
932 2040 1112 2124 diligentius
1134 2043 1174 2106 de
1197 2068 1235 2109 eo

181 2126 281 2211 quaeri
302 2126 407 2211 coepit,
424 2137 456 2190 et
474 2127 659 2191 exstiterunt
673 2126 757 2189 docti
772 2126 839 2200 viri,
856 2126 920 2212 qui,
937 2138 1090 2224 quantum
1107 2128 1235 2194 distaret

181 2233 201 2274 a
216 2211 363 2276 Cornelio
380 2211 483 2288 Gallo,
500 2222 532 2275 et
551 2212 621 2311 quis
636 2210 799 2298 qualisque
815 2210 909 2274 fuerit
923 2211 974 2275 hro
989 2224 1091 2297 poeta,
1108 2236 1235 2280 accura-

180 2296 241 2360 tius
264 2297 473 2361 ostenderent.
520 2298 644 2361 anus
666 2296 724 2361 hac
747 2320 842 2382 opera
863 2296 1029 2376 defunctus
1051 2309 1098 2362 est
1121 2298 1171 2364 Μ.
1189 2301 1233 2365 Η.

183 2381 351 2447 Goldastus
373 2384 406 2446 in
428 2382 569 2468 Epistola
588 2383 788 2458 dedicatoria,
807 2381 913 2447 Ovidii
934 2383 1067 2447 Eroticis
1086 2395 1119 2448 et
1134 2387 1233 2451 Ama·

180 2468 265 2532 toriis
289 2468 466 2554 Opusculis,
492 2467 688 2533 Francofurti
711 2491 794 2531 anno
821 2472 903 2530 1610
926 2469 1027 2545 editis,
1054 2472 1231 2554 praemissa:

180 2553 281 2618 multa
295 2555 334 2618 de
352 2554 548 2619 Maximiano
563 2554 691 2618 tradidit
708 2554 802 2617 Bern.
820 2553 954 2617 Moneta
971 2555 1004 2617 in
1022 2555 1231 2638 Menagianis,

145 2717 147 2721 y
179 2640 282 2703 tertiae
308 2639 452 2704 editionis
480 2640 577 2704 Paris.
601 2644 693 2715 1715,
720 2650 807 2702 tomo
829 2639 855 2714 1,
878 2661 948 2724 pag.
964 2646 1038 2716 336,
1063 2662 1148 2727 seqq.
1172 2667 1231 2708 nec

179 2747 280 2810 pauca
294 2726 334 2790 de
350 2748 388 2789 eo
405 2725 533 2810 protulit
548 2726 634 2790 Abb.
650 2725 839 2810 Souchayus,
856 2725 911 2789 ubi
926 2726 1022 2789 vitam
1040 2727 1134 2790 Corn.
1146 2729 1231 2792 Galli

179 2811 330 2895 exposuit,
352 2810 384 2874 in
406 2811 582 2876 Dissertatt
600 2810 783 2876 Academiae
802 2809 914 2894 Regiae
936 2811 1179 2896 Inscriptionum
1199 2827 1232 2879 et

178 2895 354 2961 litterarum
372 2896 608 2980 elegantiorum,
627 2899 820 2980 (Memotres
836 2901 876 2960 de
891 2897 1088 2962 {Acadama
1103 2902 1160 2962 dea
1174 2902 1231 2964 In-

178 2985 365 3068 scrr'ptions,
382 2985 456 3064 etc.)
474 2993 560 3046 torno
578 2981 674 3056 XVI,
687 2979 762 3044 anni
781 2984 873 3042 1751.
925 2980 1079 3045 Omnium
1094 3005 1168 3044 vero
1183 2984 1231 3047 di-

176 3066 339 3150 ligentiam
362 3067 518 3153 superavit
538 3068 644 3131 Justus
662 3065 839 3140 Fontanini,
856 3065 910 3151 qui
931 3065 1079 3128 Historiae
1102 3065 1229 3134 litterar.

178 3153 317 3239 Aquilai.
333 3154 440 3236 (editae
455 3155 578 3229 Rornae,
596 3157 688 3227 1742,
705 3152 782 3232 dte.)
801 3150 880 3215 libro
897 3150 923 3227 Ι,
937 3173 1004 3236 cap.
1016 3157 1047 3227 3,
1063 3163 1228 3239 postquam

177 3237 217 3301 de
235 3238 380 3303 Cornelio
398 3239 491 3304 Gallo
508 3237 713 3324 Forojuliensi
728 3237 824 3320 digna
860 3259 974 3322 uaeque
994 3249 1104 3301 notatu
1124 3262 1229 3324 perse-

176 3335 267 3388 cutus
292 3336 348 3400 est,
376 3326 416 3388 de
444 3325 562 3410 Elegiis
587 3324 633 3388 illi
658 3322 822 3408 suppositis
890 3323 1048 3399 eximiam,
1073 3323 1228 3412 hujusque

175 3421 280 3494 gente,
297 3422 391 3474 aetate
406 3422 439 3474 et
454 3413 546 3476 rebus
568 3409 661 3494 gestis
683 3408 842 3472 luculente
863 3409 1037 3493 etcopiose
1060 3411 1134 3492 egit.
1178 3413 1227 3476 Jo.

177 3495 346 3561 Albertum
369 3496 549 3561 Fabricium
569 3497 601 3559 in
620 3494 703 3559 Bibl.
720 3494 791 3558 Lat
807 3493 861 3557 lib.
879 3494 905 3568 I,
922 3517 989 3578 cap.
1008 3498 1057 3570 14,
1074 3495 1114 3558 de
1132 3498 1226 3562 Corn.

177 3581 270 3646 Gallo
296 3593 329 3647 et
354 3582 550 3646 Maximiano
572 3591 728 3666 agentem,
752 3580 804 3643 vix
825 3578 987 3642 nominare
1013 3603 1090 3664 opus
1113 3584 1227 3647 estrei

174 3666 333 3732 litterariae
348 3668 464 3753 peritis.
511 3668 570 3731 His
585 3665 763 3731 auctoribus
778 3665 811 3727 in
831 3663 994 3728 consilium
1013 3665 1160 3730 adhibitis
1175 3691 1227 3732 ac·

173 3766 280 3817 curate
295 3777 380 3818 nunc
394 3754 501 3818 omnia
515 3775 715 3839 exponemus,
731 3751 846 3838 quibus
863 3760 896 3813 et
915 3773 1020 3813 rerum
1037 3751 1226 3818 Maximiani

172 3839 292 3916 notitia,
309 3841 395 3904 etde
411 3841 478 3924 ejus
495 3839 612 3923 Elegiis
623 3837 779 3923 judicium
794 3836 969 3919 adjuvetur.

202 3925 324 4011 'Atque
348 3937 384 3989 ut
406 3925 446 3988 de
470 3925 597 3989 nomine
624 3921 811 3987 Maximiani
834 3921 1029 4006 incipiamus
1055 3923 1224 3990 Goldastus

171 4009 301 4096 quidem
326 4011 410 4075 hunc
437 4023 597 4076 auctorem
627 4010 709 4073 inter
735 4007 842 4073 Ovidii
870 4006 997 4072 Erotica
1021 4010 1180 4093 opuscula,
1205 4035 1224 4076 e

171 4096 243 4160 novi
260 4097 379 4175 Critici,
396 4109 432 4161 ut
451 4099 516 4182 ipse
537 4097 590 4172 ait,
609 4093 765 4160 sententia
783 4094 966 4160 Cornelium
981 4095 1223 4162 Maximianum
