3228 4982
384 407 424 468 Iu
443 406 687 470 Mnxnmson
705 407 1024 472 Wuuusuonrrauae,
1188 411 1227 469 61

180 542 247 607 lum,
266 559 315 611 pro
328 541 443 608 Venere,
461 560 478 596 a
493 541 588 611 priscis
625 542 692 594 oetis
705 541 810 595 Latinis
828 560 882 595 non
900 549 1060 612 usurpatum
1077 543 1228 609 observant,

181 613 226 666 Fr.
238 613 371 667 Vavassor
382 612 410 664 iu
421 611 563 665 Antibarb.
578 559 699 665 slibello
712 614 745 665 de
758 615 786 664 ai
798 621 825 666 et
835 630 884 666 asa
898 615 1066 682 quorundam
1078 613 1228 678 verboram,

181 699 246 736 voce
264 683 373 752 Capris,
388 689 416 734 et
428 681 541 734 Moneta
558 682 587 733 in
599 683 786 750 Menapiaais,
801 689 866 736 tom.
879 683 899 736 i.
913 701 939 752 p.
953 687 996 748 41,
1012 683 1058 765 qui
1074 682 1230 736 recentioris

181 752 268 806 {etatis
286 758 386 821 poetas,
402 751 448 821 qui
466 752 661 820 usurpaverint,
676 759 731 804 tres
749 759 855 804 tautum
873 770 935 805 cum
952 752 1119 805 Maxrmiano
1137 759 1229 805 nostro

181 822 310 874 nominat.
348 821 508 874 Notavimus
526 821 597 874 idem
609 821 644 873 ad
656 820 801 889 Reposiani
814 821 904 876 Carm.
918 840 943 874 v.
956 827 1000 875 23.
1014 829 1078 875 tom.
1091 822 1126 875 iv.
1140 822 1171 875 P.
1186 821 1228 876 M.

182 909 211 960 p.
229 897 406 944 322.--93.
423 891 521 944 Aurea
538 909 598 944 cas.
617 891 646 945 h.
660 909 683 944 e.
702 891 771 943 flava
788 898 816 944 et
834 909 929 945 aurum
948 892 1035 944 colore
1053 891 1178 956 referens,
1198 898 1231 944 ut

182 967 275 1013 auctor
291 960 369 1029 lyrici
380 961 414 1013 ad
426 960 550 1030 Lydiam,
564 979 589 1014 v.
603 966 629 1026 6,
644 960 709 1014 dicit
725 963 869 1028 capillatos
882 963 993 1026 atavos,
1008 963 1124 1014 lucentes
1135 970 1166 1014 at
1178 979 1228 1014 aa·

181 1048 242 1084 ram
260 1032 384 1083 nitidam.
427 1032 562 1084 Caesaries
581 1030 646 1082 alias
666 1031 773 1099 propria
791 1030 909 1084 virorum
927 1038 976 1097 est,
997 1031 1044 1084 sed
1064 1031 1161 1100 puellae
1180 1032 1229 1084 tri·

181 1102 267 1153 bueus
281 1107 373 1153 noster
385 1099 532 1168 Virgilium
550 1108 657 1153 secutus
669 1100 783 1166 videtur,
798 1101 845 1170 qui
859 1100 959 1168 Georg.
972 1101 1007 1154 iv.
1021 1106 1082 1166 387,
1097 1100 1130 1152 de
1142 1100 1170 1153 N
1218 1130 1229 1142 ·

183 1169 258 1239 phis:
286 1171 432 1223 cesariem
449 1171 542 1240 epfnsce
554 1172 670 1223 nitidam
681 1188 735 1238 per
747 1173 867 1223 candida
879 1172 949 1223 colla
964 1177 991 1222 et
1002 1177 1093 1223 noster
1109 1169 1169 1222 simi
1181 1171 1232 1223 'ter

182 1241 322 1292 cesariem
339 1257 401 1293 cum
422 1240 511 1292 lactea
532 1241 635 1293 cervice
648 1240 750 1308 jungit,
771 1242 888 1293 demissa
910 1243 1001 1293 cervia
1018 1258 1078 1310 quae
1097 1257 1232 1292 unacum

183 1309 291 1362 caesarie
313 1307 449 1362 descendit
470 1309 499 1360 in
518 1309 653 1362 humeros.
691 1309 816 1362 Fortasse
836 1310 932 1362 melius
951 1310 1058 1378 legatur
1079 1312 1229 1375 commissa,

150 1392 152 1396 ’
182 1378 201 1432 i.
215 1396 239 1432 c.
252 1380 395 1447 conjuncte
407 1380 523 1432 vultibus
540 1381 662 1447 ingenuis
673 1381 765 1432 cervia
777 1381 992 1433 lactea—94.
1014 1381 1138 1433 Valtibas
1154 1382 1230 1447 inqe-

183 1451 253 1514 nar's,
268 1449 287 1500 i.
300 1466 323 1502 e.
338 1466 394 1500 uon
409 1449 515 1514 fucatis,
533 1456 581 1501 aut
597 1448 721 1502 simulate
739 1449 901 1518 compositis,
920 1449 987 1502 facie
1004 1449 1117 1504 liberali.
1157 1449 1233 1502 Solet

184 1519 273 1571 cattas
293 1518 391 1587 plurali
411 1535 524 1571 numero
543 1519 640 1584 efferri,
660 1525 692 1570 ut
710 1520 781 1587 apud
799 1519 877 1572 Orid.
897 1519 967 1572 Met.
986 1520 1042 1573 viii.
1061 1525 1129 1573 677:
1150 1537 1232 1587 saper

185 1591 276 1641 omnia
294 1589 383 1641 cultas
400 1588 547 1641 Accessere
565 1590 635 1656 boni,
657 1595 684 1641 et
702 1588 794 1642 multis
813 1588 872 1641 aliis
892 1588 967 1644 locis.
1005 1589 1082 1642 Idem
1101 1592 1232 1657 ingenuas

183 1675 268 1725 genas
285 1656 350 1710 dicit
368 1657 435 1711 Her.
451 1675 496 1713 xx.
511 1664 540 1711 6:
561 1657 657 1712 Ami.
673 1662 713 1722 14,
728 1663 771 1724 59,
786 1664 814 1710 et
826 1657 935 1727 Apulei.
948 1658 977 1709 in
991 1663 1091 1724 ἀνεχομ.
1105 1676 1130 1710 v.
1145 1663 1170 1723 6,
1186 1658 1233 1711 ubi

184 1727 237 1781 vid.
250 1727 345 1780 Burm.
361 1726 446 1780 Anth.
460 1727 522 1781 Lat.
535 1727 587 1781 vol.
600 1727 618 1781 i.
632 1746 658 1797 p.
672 1732 738 1780 661:
764 1729 831 1781 Visa
843 1729 945 1794 sedere,
960 1726 1031 1796 quod
1043 1727 1160 1795 vulgatae
1172 1734 1233 1796 post

184 1796 367 1850 recensionem
380 1797 492 1850 Gaurici
503 1803 605 1862 tenent,
619 1797 709 1850 nescio
722 1814 802 1866 quem
815 1813 922 1850 sensum
933 1797 1032 1849 habere
1044 1797 1136 1865 possit.
1176 1796 1234 1862 Qui

185 1866 253 1920 illud
269 1866 441 1935 usurpdrunt,
459 1867 585 1919 videntur
600 1869 693 1920 sedere
709 1867 841 1935 accepisse
857 1884 906 1935 pro
916 1869 1038 1934 placere,
1058 1867 1129 1935 quod
1144 1867 1234 1935 ipsum

185 1936 231 1988 alii
247 1935 348 1990 librarii
367 1943 522 2004 posuerunt,
541 1943 696 2004 reputantes
714 1936 834 2001 fortasse,
853 1937 891 1989 sic
908 1943 1069 2006 usurpatum
1086 1955 1102 1989 a
1118 1937 1235 2005 Virgilio

186 2023 252 2071 esse,
267 2006 373 2074 quando
389 2008 465 2058 sedet
479 2005 529 2059 ltoc
542 2007 649 2072 AEneoe,
663 2008 738 2059 sedet
753 2009 843 2059 animo
856 2005 933 2071 dixit,
948 2006 1173 2075 quemadmodum
1185 2024 1232 2058 ex-

185 2075 269 2144 plicat
288 2074 381 2143 Steph.
403 2075 433 2126 in
455 2076 535 2128 Thes.
560 2076 592 2128 L.
616 2075 649 2129 L.
698 2075 751 2129 Sed
769 2075 838 2128 hanc
862 2075 1111 2144 interpretationem
1134 2075 1235 2128 refutat

187 2145 320 2198 Vavessor
337 2145 366 2196 in
380 2143 474 2199 Antib.
488 2163 513 2198 v.
530 2147 621 2199 Sedet.
657 2145 719 2214 Ego
736 2145 878 2197 lectionem
897 2144 1079 2214 antiquiorum
1096 2146 1232 2213 exempla-

186 2213 258 2266 rium
273 2217 333 2268 visa
348 2217 450 2280 decere,
465 2221 496 2266 ut
512 2214 687 2282 aptissimam,
706 2215 885 2268 reducendam
900 2214 1002 2284 putavi,
1021 2232 1081 2284 quae
1098 2215 1202 2267 deserta
1218 2233 1235 2268 a

186 2284 346 2353 quibusdam
358 2284 472 2350 videtur,
487 2285 559 2354 quod
574 2285 644 2337 male
661 2285 780 2337 construi
798 2287 891 2338 decere
908 2301 970 2337 cum
982 2285 1099 2338 voltibus
1111 2288 1235 2352 ingenuis

186 2354 334 2409 crederent.
368 2353 421 2407 Sed
432 2359 460 2407 rt
473 2357 549 2407 decet
560 2371 630 2423 saepe
643 2372 705 2408 cum
717 2355 806 2408 dativo
817 2355 938 2424 posuisse
951 2355 1083 2424 antiquos,
1095 2355 1232 2421 Plautum,

187 2423 354 2489 Terentium,
371 2423 538 2489 Sallustium,
553 2424 671 2490 Livium,
689 2431 800 2477 monent
816 2425 914 2477 eruditi
930 2424 964 2476 ad
982 2424 1053 2478 Gell.
1066 2425 1102 2478 ix.
1119 2430 1235 2478 15.--

188 2498 231 2544 95.
244 2495 333 2546 Frons
346 2490 458 2560 libera]
474 2492 535 2546 Hoc
548 2493 726 2546 Ommerenus
742 2494 860 2546 illustrat
878 2494 937 2546 loco
950 2493 1027 2561 Virg.
1043 2495 1070 2545 in
1085 2494 1151 2559 Cin,
1166 2499 1232 2547 497:

186 2563 227 2614 Et
242 2565 348 2630 patula
361 2563 468 2633 frontis
489 2566 715 2630 species-97.
733 2564 874 2616 Modicam
894 2565 1024 2616 tumentia
1044 2563 1124 2616 labra
1143 2563 1236 2616 laudat

186 2639 274 2702 poeta,
296 2632 360 2701 quia
380 2632 459 2700 plane
480 2633 584 2686 tumida
603 2633 737 2686 habentur
756 2632 892 2685 deformia.
936 2631 981 2685 Sic
1000 2633 1103 2685 auctori
1123 2632 1233 2698 Moreti,
1327 2652 1328 2655 ¹

186 2720 212 2754 v.
232 2707 275 2768 33,
296 2701 422 2754 desounis
440 2700 508 2754 Afra
527 2701 629 2772 Cybele
646 2702 717 2755 inter
735 2703 787 2754 alia
805 2709 845 2754 est
868 2703 955 2755 Torta
973 2719 1084 2768 comam,
1106 2704 1235 2772 labroque

187 2779 298 2825 tumens.
336 2773 462 2838 Targida
475 2772 554 2824 labra
567 2772 646 2836 ridet,
655 2772 776 2825 Martial.
790 2771 825 2824 ri.
839 2777 999 2825 89—-99,
1015 2773 1098 2826 Teres
1111 2770 1234 2840 collam]

187 2842 259 2910 quod
282 2842 437 2906 rotundum,
461 2841 571 2910 plenum
592 2842 760 2912 solidumque
778 2848 827 2907 est,
848 2849 879 2894 ut
897 2841 965 2894 Hor.
987 2841 1078 2896 Germ.
1096 2842 1124 2895 ii.
1144 2848 1170 2908 4,
1188 2848 1234 2908 21,

188 2919 283 2964 teretes
301 2929 382 2964 saras
400 2911 476 2976 dixit,
492 2910 626 2976 Catullus,
640 2911 687 2962 lxi.
704 2915 762 2974 181,
777 2910 944 2963 brachiolam
962 2920 1041 2976 teres,
1060 2917 1087 2962 et
1103 2911 1236 2964 Arborius

187 2980 215 3033 iu
234 2980 312 3049 Eleg.
331 2980 365 3032 ad
382 2980 500 3050 Nymph.
518 2981 583 3032 nim.
599 2980 673 3034 Cult.
691 2998 716 3032 v.
734 2985 778 3044 23,
798 2988 894 3032 teretes
912 2981 1021 3047 digitos.
1059 2980 1121 3034 Vid.
1138 2979 1235 3034 Barth.

187 3049 301 3103 Advers.
321 3050 376 3103 xxi.
394 3056 419 3116 6,
439 3068 536 3103 aarum
554 3050 605 3101 hoc
624 3049 683 3102 loco
703 3056 743 3102 est
762 3049 861 3102 monile
881 3066 993 3102 aureum
1012 3055 1039 3101 et
1057 3057 1233 3117 gemmatum,

186 3122 273 3173 visam
291 3129 333 3173 est
343 3122 503 3188 pretiosius,
517 3125 627 3188 propter
643 3124 713 3172 teres
732 3119 840 3184 collum,
856 3119 927 3188 quod
943 3117 1034 3171 ambit.
1075 3119 1120 3172 Sic
1136 3119 1165 3171 in
1180 3123 1235 3172 Ar·

186 3189 255 3242 borii
266 3189 379 3258 Elegia:
406 3191 473 3242 Cam
485 3197 581 3242 teretes
594 3191 676 3256 digiti
691 3191 756 3242 dent
767 3191 889 3258 pretinm
901 3190 1132 3259 lapids—100.
1153 3191 1236 3244 Gem-

219 3329 259 3372 94.
274 3327 328 3372 Visa
338 3327 413 3372 sedere
423 3327 497 3386 magis
510 3323 547 3372 Pi.
560 3324 591 3372 0.
601 3331 625 3371 et
636 3323 690 3371 aliae
701 3325 790 3385 plures.
807 3327 859 3372 nisa
869 3327 945 3372 decen
957 3325 987 3372 V.
1000 3325 1042 3372 Gr.
1054 3324 1083 3371 L.
1095 3325 1141 3372 Pu.
1154 3323 1238 3386 idque,

187 3394 217 3436 ut
233 3388 329 3444 rectius,
341 3387 412 3436 alteri
429 3393 504 3436 sedere
520 3389 617 3449 praefert
637 3389 772 3436 Burmann.
791 3389 823 3436 cd
843 3389 944 3435 Anthol.
963 3389 1019 3437 Lat.
1036 3389 1083 3436 vol.
1101 3388 1117 3435 i.
1135 3404 1159 3447 p.
1177 3392 1233 3436 661.

188 3456 227 3500 95.
241 3454 277 3500 Et
286 3452 353 3500 deest
364 3451 391 3498 in
403 3451 434 3499 V.
447 3453 477 3500 R.
491 3459 514 3499 et
529 3452 559 3500 G.
577 3454 665 3498 lamina
675 3455 744 3513 niqra
757 3452 803 3499 Pu.
816 3452 854 3500 Pi.
867 3453 898 3500 0.
909 3459 933 3498 et
944 3451 997 3498 aliae
1008 3458 1096 3498 recent.
1114 3450 1156 3497 sed
1168 3453 1238 3510 nigra

187 3515 228 3562 vix
240 3516 343 3576 repetita
353 3515 467 3562 videntur
479 3532 493 3562 a
503 3524 575 3576 poeta
591 3523 646 3576 post
661 3518 730 3576 nigra
744 3532 831 3576 sapere.
866 3515 950 3576 Igitur
965 3514 1054 3561 melius
1069 3516 1157 3560 lamina
1172 3516 1238 3559 clara

190 3581 221 3627 V.
237 3581 280 3627 Gr.
296 3579 327 3626 G.
340 3586 365 3627 et
377 3580 406 3626 L.
425 3579 468 3642 qui
479 3582 548 3640 nigra
559 3577 721 3639 superscribit.
755 3584 794 3627 96.
809 3581 903 3626 Mutata
913 3585 937 3624 et
948 3585 1027 3624 notata
1038 3577 1152 3624 scribitur
1162 3575 1188 3622 in
1203 3577 1234 3624 R.

188 3648 227 3691 98.
247 3645 303 3698 Qua
319 3645 376 3689 milri
390 3646 494 3704 gustanti
510 3643 619 3691 scribunt
635 3658 719 3690 omues
735 3641 818 3690 edite
831 3658 920 3689 recens.
937 3641 1045 3697 Gaurici‚
1057 3638 1183 3702 sigillatim
1196 3640 1235 3688 Pi.

192 3707 222 3754 0.
241 3715 266 3754 et
284 3707 444 3764 recentiores;
469 3723 545 3769 eaque
562 3707 635 3754 lectio
654 3704 792 3768 corrigendi
809 3721 881 3753 causa
900 3704 1038 3753 introducta
1056 3701 1159 3751 videtur.
1178 3720 1237 3751 narn

188 3770 338 3832 antiquiores
352 3773 443 3818 habent
459 3788 509 3834 qaae
523 3779 617 3832 gustata
628 3773 685 3817 milri
698 3771 728 3818 V.
744 3771 775 3819 R.
791 3770 833 3818 Gr.
850 3771 880 3818 G.
916 3770 973 3817 Hoc
985 3776 1074 3828 tamen,
1085 3767 1143 3815 licet
1154 3767 1239 3815 minus

188 3834 293 3896 elegans,
302 3833 469 3882 reducendum
479 3834 570 3895 putavi.
605 3839 644 3882 99.
660 3835 781 3882 Visanest
792 3835 823 3883 V.
835 3835 865 3881 R.
877 3834 908 3882 G.
926 3833 1015 3895 reliqui
1026 3833 1055 3880 τὸ
1066 3840 1099 3880 est
1109 3831 1235 3881 omittunt.

102 3929 109 3938 ·
191 3898 241 3945 Pro
253 3901 278 3944 in
289 3901 361 3954 tereti,
375 3899 404 3946 L.
422 3901 511 3954 incerti,
526 3898 556 3945 G.
575 3900 669 3946 interiti.
706 3901 898 3947 102.Hocmodo
908 3899 971 3945 erim.
985 3898 1016 3946 V.
1029 3897 1073 3944 Gr.
1109 3901 1161 3944 103.
1181 3899 1235 3944 Om-

189 3964 257 4008 nibus
267 3963 330 4009 lons
343 3963 372 4009 L.
382 3969 406 4010 et
415 3962 485 4010 lloril.
498 3969 607 4022 msptum
619 3961 734 4009 Santenii.
771 3967 824 4010 105.
838 3963 935 4008 Enaltet
948 3962 980 4011 G.
1016 3965 1068 4008 106.
1080 3963 1189 4009 Juvenala
1204 3961 1236 4009 G.

190 4028 244 4074 107.
254 4029 326 4073 Hanc
336 4029 431 4073 tacitam
442 4029 572 4088 tristmsqac
582 4028 645 4073 vides
655 4025 756 4088 corrigit
765 4026 866 4075 Withof.
876 4042 901 4086 p.
909 4029 964 4076 312.
976 4027 1011 4086 fit
1021 4027 1105 4073 clarior
1116 4026 1146 4075 G.
1157 4025 1195 4074 Pi.
1205 4026 1237 4073 0.

189 4092 265 4136 castor
278 4091 309 4139 V.
325 4090 367 4138 Gr.
381 4088 448 4153 quod
457 4089 636 4150 praeferendum
648 4089 751 4138 videtur.

1454 3975 1520 4266 s

1525 3963 1576 3975 nnn-c
