3228 4982
503 453 707 517 Mnxmrmm
732 455 879 518 Enucrru.

169 605 256 669 Dent
271 605 352 668 vitiis
368 605 519 692 furtisque
535 605 656 670 locum:
681 607 757 671 dant
766 609 901 692 jungere
918 608 1051 683 dextras,

139 707 143 714 ⁴
213 707 256 772 Et
270 718 371 772 totum
387 707 461 770 ludo
477 708 695 773 concelebrare
710 709 805 773 diem.

171 809 361 872 Permissum
376 809 412 873 fit
427 808 488 873 vile
503 809 600 885 nefas,
616 809 653 872 fit
667 809 834 894 languidus
849 811 957 875 ardor:

213 911 367 976 Vicerunt
380 913 527 975 morbum
542 911 692 995 languida
707 911 801 976 corda
815 935 917 976 suum.

170 1013 230 1078 Illa
244 1013 322 1077 nihil
337 1013 470 1100 quaesite
484 1013 593 1107 videns
607 1015 787 1108 procedere,
804 1037 931 1079 causam

212 1116 300 1192 Odit,
317 1126 350 1179 et
363 1114 462 1179 illaeso
477 1136 605 1201 corpore
619 1116 714 1180 tristis
730 1116 805 1180 abit.

72 1267 75 1274 .
171 1217 293 1303 Projeci
308 1241 403 1282 vanas
419 1228 527 1282 sanato
541 1227 667 1302 pectore
684 1240 782 1295 curas,

214 1318 257 1382 Et
271 1318 374 1382 subito
389 1317 494 1394 didici,
511 1340 607 1404 quam
622 1318 717 1381 miser
731 1329 804 1383 ante
821 1318 875 1382 fui.

172 1420 264 1485 Salve
279 1431 395 1496 sancta,
412 1419 551 1505 inquam,
568 1442 754 1507 semperque
772 1421 891 1485 intacta
904 1432 1041 1496 maneto,

214 1521 394 1606 Virginitas,
411 1544 468 1607 per
481 1544 534 1584 me
549 1521 644 1606 plena
658 1523 785 1607 pudoris
800 1523 868 1586 eris.

171 1624 253 1699 Quae
268 1635 434 1710 postquam
448 1623 569 1709 perlata
583 1625 649 1688 viro
664 1635 737 1689 sunt
751 1623 857 1688 omnia
871 1634 968 1701 tanto,

215 1726 335 1814 Meque
350 1726 437 1790 videt
451 1726 564 1790 fluctus
580 1729 780 1810 exsuperasse
794 1748 898 1790 meos:

172 1828 290 1905 Macte,
307 1828 419 1915 inquit,
431 1827 566 1913 juvenis,
583 1827 701 1912 proprii
716 1827 892 1891 dominator
907 1828 1029 1905 amoris,

214 1931 258 1994 Et
272 1931 312 1994 de
328 1941 490 1994 contemtu
505 1952 594 1993 sume
609 1940 727 2015 tropaea
741 1939 806 1993 tue.

172 2034 272 2097 Arma
286 2033 344 2097 tibi
364 2032 503 2108 Veneris,
521 2031 697 2118 cedantque
715 2031 880 2118 Cupidinis
895 2055 994 2108 arcus,

216 2135 318 2199 Cedat
332 2145 365 2198 et
379 2135 569 2219 armipotens
584 2134 652 2218 ipsa
667 2133 816 2198 Minerva
829 2133 897 2197 tibi.

174 2236 226 2300 Sic
240 2236 319 2299 mihi
333 2235 485 2321 peccandi
501 2235 641 2299 studium
655 2235 805 2320 permissa
818 2246 954 2321 potestas

214 2338 365 2416 Abstulit,
382 2349 477 2426 atque
493 2339 596 2424 ipsum
611 2337 687 2402 talia
700 2337 782 2402 velle
798 2337 887 2421 fugit.

173 2441 302 2525 Ingrati,
318 2441 419 2506 tristes
434 2441 550 2527 pariter
565 2441 761 2505 discessimus
777 2441 881 2516 ambo,

216 2543 349 2607 Discidii
363 2543 442 2607 ratio
456 2543 522 2607 vita
535 2541 650 2627 pudica
664 2541 733 2604 luit.

587 2802 725 2861 ELEG.
751 2802 805 2859 lv.

176 2950 287 3015 Restat
301 2949 406 3015 adhuc
420 2950 505 3026 alicu,
521 2961 691 3037 turpesque
707 2950 865 3014 revolvere
881 2973 979 3027 casus,

217 3053 325 3139 Atque
341 3051 447 3138 aliquo
461 3050 548 3115 molli
563 3074 691 3136 pascere
707 3052 801 3116 corda
810 3053 893 3137 joco.

176 3153 378 3219 Conveniunt
392 3153 511 3217 etenim
525 3153 634 3218 delirae
649 3153 762 3238 ignava
777 3165 922 3231 senectae,

167 3253 171 3258 ’
218 3257 366 3343 Aptaque
381 3266 454 3320 sunt
469 3255 555 3341 operi
570 3255 710 3321 carmina
724 3241 805 3321 vana
819 3247 900 3322 nico.

178 3357 230 3422 Sic
244 3358 363 3422 vicibus
378 3357 469 3422 variis
484 3357 619 3422 alternos
635 3357 771 3423 fallimus
786 3381 894 3436 annos,

219 3461 263 3525 Et
276 3471 398 3525 mutata
411 3461 511 3545 magis
526 3471 669 3546 tempora
682 3472 773 3546 grata
786 3460 875 3524 mihi.

176 3563 274 3645 Virgo
288 3561 357 3638 fuit,
374 3562 492 3646 species
507 3562 638 3626 dederat
653 3562 704 3626 cui
719 3561 854 3625 candida
868 3583 994 3638 nomen,

221 3664 374 3740 Candida,
391 3663 520 3727 diversis
534 3664 591 3727 sed
604 3663 687 3728 bene
703 3673 808 3727 comta
822 3663 928 3727 comis.

178 3764 264 3830 Huic
279 3788 338 3849 ego
352 3788 409 3850 per
423 3775 525 3829 totum
540 3765 604 3829 vidi
621 3765 794 3851 pendentia
808 3788 918 3851 corpus

221 3868 376 3955 Cymbala
389 3867 580 3954 multiplices
594 3868 688 3931 edere
702 3868 792 3953 pulsa
806 3891 913 3933 sonos:

178 3971 273 4036 Nunc
286 3972 386 4035 niveis
401 3970 515 4055 digitis,
532 3993 617 4034 nunc
631 3970 758 4056 pulsans
772 3971 897 4056 pectine
913 3970 1051 4047 chordas,

222 4075 344 4157 Arguto
360 4073 460 4159 quivit
474 4095 636 4138 murmure
651 4073 743 4138 dulce
759 4073 854 4160 loqui.
