3228 4982
380 447 422 504 92
650 440 757 505 Nora
774 461 814 505 ur
831 442 952 506 Vsum
969 442 1162 507 Lscmonns

381 578 490 644 montis,
511 585 558 632 aut
582 577 754 632 incumbente
776 585 865 646 vento,
886 579 963 648 ignes
987 579 1105 633 inclusos
1126 579 1174 632 diu
1197 578 1325 646 continet,
1349 579 1433 634 donee

381 648 466 720 pulsis
487 649 632 703 obstaculis
651 649 835 703 vehementius
854 655 1004 720 erumpant.
1043 650 1105 704 Vid.
1125 649 1212 704 Lucil.
1230 649 1308 704 AEtn.
1327 667 1353 704 v.
1371 655 1433 704 371.

381 737 453 790 seqq.
474 725 502 773 et
520 719 599 774 Ovio.
619 718 687 773 Met.
707 737 750 774 xv.
770 725 830 774 846.
849 737 903 790 seq.
947 719 1008 774 Hac
1029 719 1206 773 similitudine
1227 737 1297 789 saepc
1318 726 1436 774 utuntur

434 797 476 844 tte.
515 789 593 844 Ovid.
608 789 675 843 Her.
691 790 745 844 viii.
759 795 810 844 58:
828 799 995 860 pectoraque
1012 792 1123 844 inclusis
1138 792 1245 858 iqnibus
1258 799 1320 844 usta
1333 793 1434 845 dolent.

399 860 460 913 dem
473 858 542 914 Met.
555 859 590 913 iv.
604 865 654 912 64:
676 877 780 929 quoque
796 862 885 928 maqis
902 863 1011 929 teqitur,
1031 869 1115 914 tectus
1133 863 1222 929 maqis
1238 869 1336 914 astuat
1351 863 1433 929 iqnis.

383 929 445 983 Ser.
461 929 575 983 Sanctus
589 929 680 984 Carm.
694 930 763 983 Buc.
777 949 801 984 ν.
818 935 863 984 ll:
885 940 912 984 et
923 933 1055 1000 quicquid
1065 934 1174 999 teqitur,
1189 933 1285 984 savius
1303 933 1432 1000 incoquit.

382 1005 497 1054 -5s.
514 1001 630 1054 Conscia
643 1003 722 1069 siqua
734 999 827 1069 mal’.]
849 1000 894 1055 Sic
907 1001 986 1054 Ovid.
998 1001 1060 1054 Am.
1074 1001 1103 1055 ii.
1120 1006 1143 1066 l,
1157 1006 1190 1054 8:
1211 1004 1335 1070 aqnoscit
1342 1003 1433 1070 flam-

382 1087 431 1122 ma
442 1072 551 1125 conscia
563 1074 643 1140 siqna
655 1088 719 1125 sua.
757 1071 826 1125 Ibid.
839 1070 868 1124 ii.
883 1076 908 1136 8,
923 1076 958 1124 8.·
968 1073 1086 1142 furtiva·
1105 1073 1218 1125 Veneris
1232 1074 1340 1125 conseia
1352 1073 1434 1140 siqua

383 1141 572 1196 dedi—60.
594 1142 707 1195 Veniam
726 1145 766 1196 cis
785 1143 836 1195 tibi
852 1150 931 1195 tanta
949 1140 1051 1210 dabit]
1091 1141 1121 1195 Si
1139 1142 1247 1212 quidem
1264 1147 1340 1194 tanta
1351 1142 1391 1195 vis
1406 1149 1435 1195 te

382 1211 481 1265 amoris
499 1218 587 1296 urget,
602 1229 710 1282 aequum
728 1219 777 1278 est,
794 1219 826 1265 ut
843 1212 949 1265 veniam
967 1212 1061 1265 demus
1080 1217 1107 1264 et
1124 1212 1295 1282 ignoscamus
1313 1211 1372 1278 tibi,
1387 1212 1435 1282 qui

383 1283 680 1336 succubueris—61.
708 1283 866 1336 Verecunda
887 1278 1022 1349 silentia]
1062 1282 1123 1336 Vid.
1146 1300 1171 1336 v.
1194 1287 1354 1337 23-63,
1374 1283 1436 1336 nuc

383 1354 433 1416 ait,
454 1360 486 1405 ut
500 1353 576 1420 plac.
592 1349 741 1420 potiaris]
776 1351 886 1423 Optime
907 1353 965 1405 haec
983 1352 1063 1405 lectio
1081 1352 1233 1404 confirmari
1250 1351 1357 1405 videtur
1373 1352 1435 1406 loco

384 1419 476 1474 ovidii
489 1421 557 1476 Met.
571 1421 624 1476 xiv,
637 1428 698 1476 637.
713 1439 767 1493 seq.
812 1423 890 1486 Quid
903 1440 957 1476 non
973 1431 1000 1476 et
1017 1424 1124 1492 Satyri,
1138 1424 1285 1476 saltatibus
1302 1431 1371 1490 apta
1380 1424 1433 1491 ju·

382 1499 485 1557 uentus,
501 1493 602 1545 Fecere
604 1530 669 1546 ......
680 1493 718 1545 Ut
733 1501 894 1560 poterentur
914 1498 1081 1547 ea—68.
1100 1494 1205 1561 Impius
1229 1492 1293 1546 huic
1311 1490 1433 1564 siseris]

382 1561 556 1615 Burmannus
569 1561 681 1617 Anthol.
694 1561 747 1616 vol.
760 1563 778 1616 i.
792 1581 819 1632 p.
832 1567 895 1628 316,
907 1563 981 1616 hunc
992 1580 1100 1616 versum
1115 1580 1177 1616 cum
1193 1563 1246 1617 isto
1263 1563 1389 1616 carminis
1401 1564 1436 1616 de

383 1631 493 1698 Maevio,
535 1632 589 1686 uod
610 1639 683 1686 tomo
701 1631 739 1687 iii.
759 1633 955 1703 proposuimus,
976 1652 1001 1687 v.
1022 1639 1066 1699 28,
1087 1640 1242 1702 comparat:
1267 1636 1366 1702 impius
1384 1633 1436 1688 loo

383 1704 437 1756 telo
455 1721 500 1756 es:
518 1650 570 1757 loc
584 1712 665 1771 potes
685 1721 741 1757 esse
760 1707 949 1772 pius.——69.
970 1704 1110 1772 Unquibus
1129 1712 1156 1756 et
1176 1721 1267 1757 morsu
1286 1712 1337 1758 ten.
1352 1721 1434 1772 pasc.

382 1768 453 1841 am]
485 1773 531 1840 Vi,
545 1773 724 1840 contentione,
739 1791 839 1843 pugna,
852 1774 960 1843 jurgiis,
974 1774 1003 1826 in
1020 1774 1117 1844 quibus
1135 1774 1270 1842 unguium
1286 1780 1314 1827 et
1329 1789 1442 1827 morsus

382 1859 448 1898 usus
467 1851 516 1898 est.
560 1844 639 1897 Paria
657 1844 699 1897 his
723 1844 868 1909 existimes,
889 1861 949 1914 quae
969 1843 1065 1898 Claud.
1085 1844 1166 1896 habet
1185 1843 1316 1896 Fescenn.
1335 1845 1379 1898 od.
1398 1848 1434 1898 4:

382 1914 427 1967 Ne
443 1932 529 1980 cessa,
539 1915 660 1984 juvenis,
675 1917 794 1968 cominus
806 1917 931 1982 aqqredi,
944 1916 1089 1982 Impacata
1102 1915 1167 1967 lieet
1182 1917 1280 1968 sariat
1291 1915 1434 1982 unquilrus.

389 1985 520 2038 Crescunt
540 1985 650 2054 difficili
668 1986 774 2053 qaudia
786 1986 894 2052 jurqio,
916 1985 1100 2054 Accenditque
1124 1987 1222 2052 maqis,
1243 2001 1302 2053 quc
1320 1985 1434 2054 refuqit,

391 2055 488 2109 Venus.
527 2054 595 2109 Haeo
607 2056 678 2108 bella
695 2062 759 2108 sunt
779 2056 891 2108 Veneris
904 2072 919 2107 a
932 2055 1041 2108 Tibullo
1054 2054 1195 2123 descripta,
1210 2055 1228 2108 i.
1246 2059 1286 2120 10,
1301 2060 1345 2120 53,
1360 2071 1435 2126 seqq.

382 2124 427 2178 De
438 2143 529 2180 morsu
542 2125 662 2195 Propert.
677 2125 715 2179 iii.
729 2131 755 2191 6,
766 2127 821 2178 '212
842 2127 877 2178 In
888 2143 978 2180 morso
990 2127 1107 2194 equales
1119 2126 1231 2178 uideant
1248 2143 1308 2178 mea
1321 2126 1436 2178 vulnera

383 2197 461 2260 collo,
476 2197 526 2250 Me
543 2199 640 2249 doceat
655 2197 726 2250 licor
737 2213 838 2250 mecum
850 2193 977 2249 habuisse
993 2213 1088 2249 meam.
1127 2194 1250 2249 Centena
1266 2195 1300 2248 dc
1315 2195 1358 2248 his
1372 2196 1434 2263 jur·

403 2265 420 2279 ‘¹
454 2265 513 2319 loca
530 2266 699 2336 poetaruml
753 2274 825 2331 ntur,
847 2283 961 2336 quorum
982 2265 1112 2318 nonnulla
1130 2281 1192 2318 cum
1213 2272 1304 2318 nostro
1322 2265 1438 2334 protulit

383 2283 479 2390 {snm
499 2336 533 2388 ad
554 2335 666 2389 Anthol.
685 2283 775 2390 villi.
799 2353 825 2404 p.
845 2341 1024 2391 boz—70.
1043 2337 1102 2389 Res
1121 2337 1210 2402 maqis
1230 2344 1298 2403 apta
1314 2333 1435 2404 plaqa]

383 2404 492 2459 Novum
504 2405 600 2459 vitium
613 2405 641 2458 in
654 2412 748 2460 metro.
782 2405 931 2460 Confundit
941 2407 1067 2474 plaqam,
1083 2423 1142 2476 quae
1154 2406 1248 2471 ictum,
1263 2421 1326 2458 cum
1333 2407 1434 2474 plaqa,

384 2493 444 2546 quaa
465 2475 602 2546 regionem
624 2475 766 2544 significat.
808 2475 887 2530 ovid.
909 2475 978 2529 Met.
1000 2476 1058 2528 xiii.
1081 2481 1146 2530 119:
1173 2477 1291 2546 clypeus,
1330 2479 1361 2529 ui
1380 2478 1437 2530 tela

374 2547 495 2618 serrendo
507 2547 589 2600 Mille
601 2554 683 2614 patet
693 2548 914 2615 plagata—74.
928 2548 1008 2600 Nota
1024 2549 1125 2600 crimen
1141 2564 1235 2599 amare
1247 2493 1329 2614 sual
1354 2545 1435 2600 Ovio.

385 2615 468 2673 Trist.
487 2617 522 2671 iv.
543 2623 569 2684 4,
589 2622 642 2671 21:
667 2626 698 2672 ut
716 2635 769 2672 non
788 2619 934 2682 debuerim,
955 2626 1044 2672 tamen
1063 2616 1114 2671 ltoe
1133 2635 1181 2684 eqo
1203 2619 1304 2670 crimen
1325 2618 1434 2673 amabo.

383 2693 498 2742 -77,
514 2690 681 2742 Permissum
690 2688 733 2754 fit
744 2688 797 2741 uile
809 2689 896 2758 nefas,
904 2688 947 2754 fit
958 2690 1031 2757 lanq.
1046 2684 1124 2754 ard]
1152 2686 1305 2757 Expertum
1317 2705 1346 2740 se
1358 2686 1434 2753 dicit,

384 2759 456 2828 quod
476 2757 589 2812 Ovidius
613 2758 770 2827 pronuntiat
789 2757 853 2811 Am.
872 2757 911 2811 iii.
929 2763 955 2824 4,
975 2763 1007 2811 9:
1038 2759 1091 2811 Cui
1106 2775 1225 2826 peccare
1246 2759 1317 2823 licet,
1336 2767 1439 2825 peccat
1526 2803 1531 2810 .

378 2830 491 2910 minus.-
519 2831 581 2898 s'psa
601 2837 726 2898 potestus
752 2830 864 2882 Semina
888 2831 1014 2898 nequitia
1039 2829 1215 2896 lanquidiora
1231 2827 1436 2898 facit—64.

417 2993 456 3039 58.
472 2991 574 3052 Aqnouit
584 2992 645 3038 tanti
656 2991 839 3052 cmucialinquu
853 2989 882 3038 B.
900 2990 931 3038 Ο.
947 2989 983 3037 H.
1000 2987 1056 3050 Bip.
1071 2995 1096 3036 et
1107 2988 1168 3036 aliae.
1189 2990 1250 3035 tanti
1265 2991 1356 3035 conscia
1367 2990 1437 3048 siqua

387 3056 419 3104 G.
439 3057 506 3104 taciti
516 3058 607 3103 conscia
617 3057 686 3116 siqua
698 3055 739 3103 Gr.
756 3055 785 3103 L.
801 3055 829 3102 P.
848 3054 916 3117 quod
931 3062 1026 3101 rectum
1042 3053 1147 3101 videtur.
1165 3051 1226 3101 vidit
1241 3051 1316 3100 etiam
1328 3051 1432 3100 Withof.

384 3135 408 3180 p.
423 3125 479 3169 330.
520 3124 560 3168 61.
576 3122 700 3167 Diuturna
713 3121 806 3166 silentia
821 3119 922 3181 corrigit
935 3118 1075 3174 Withofius
1086 3118 1184 3165 frustra.
1224 3121 1263 3165 63.
1280 3119 1342 3164 Fare
1358 3119 1394 3164 ait
1410 3125 1437 3164 ut

380 3185 480 3246 placide
494 3184 523 3232 B.
539 3183 577 3232 Pi.
595 3185 626 3232 Ο.
643 3185 709 3230 Han.
725 3182 782 3245 Bip.
801 3185 863 3230 Fare
878 3186 958 3230 eitun
969 3185 1002 3244 pl.
1017 3183 1048 3229 V.
1070 3184 1166 3230 Dicait
1180 3188 1222 3228 aut
1233 3185 1268 3243 pl.
1286 3182 1317 3228 G.
1340 3183 1437 3228 Faoait

386 3247 416 3295 L.
436 3247 505 3309 quod
515 3247 638 3306 optimum
653 3246 757 3302 videtur,
773 3249 941 3308 probaturque
955 3249 986 3293 ab
999 3246 1157 3302 Ommereno,
1170 3245 1215 3308 qui
1230 3253 1254 3292 et
1266 3247 1359 3308 placita
1370 3245 1432 3293 vult.

384 3313 568 3372 mumasormoe
582 3312 612 3357 R.
647 3316 686 3359 64.
704 3313 834 3371 Respondet
847 3313 923 3370 pietas
934 3310 1059 3357 nonnullae
1070 3310 1129 3358 edit.
1145 3327 1203 3358 cum
1217 3309 1273 3370 Bip.
1296 3313 1433 3371 Responde:

380 3377 458 3438 pietas
477 3377 508 3424 A.
527 3374 557 3422 Β.
574 3373 612 3422 Pi.
635 3374 666 3422 O.
696 3376 815 3436 Respondi
834 3374 864 3422 V.
886 3374 915 3421 L.
939 3375 970 3421 G.
990 3376 1043 3421 velle
1056 3377 1110 3436 fuit
1132 3376 1163 3423 R.
1188 3374 1320 3421 Withofius
1337 3391 1360 3434 p.
1375 3380 1433 3422 330.

380 3439 499 3488 'emendat
509 3455 540 3488 ex
552 3438 652 3502 ingenio
664 3441 788 3502 Respondi,
801 3446 826 3486 ut
833 3441 910 3502 pietus
921 3440 979 3486 talia
991 3441 1044 3486 velle
1054 3447 1118 3486 ceta.
1154 3444 1193 3488 65.
1213 3441 1314 3486 Solvitur
1325 3441 1351 3484 in
1362 3441 1436 3486 mum

385 3507 515 3554 mammons
526 3507 555 3554 G.
571 3505 600 3554 B.
618 3504 657 3553 Pi.
674 3505 705 3553 Ο.
726 3507 751 3552 in
768 3506 830 3552 risus
847 3506 948 3552 eluamus
960 3503 990 3551 L.
1006 3511 1077 3566 proed
1094 3505 1154 3551 mira
1171 3505 1213 3551 ool.
1230 3503 1262 3551 0.
1285 3504 1344 3564 prol
1361 3502 1434 3550 omit·

386 3577 444 3620 tunt
458 3572 490 3619 G.
507 3572 539 3619 R.
559 3573 613 3619 dira
624 3573 727 3632 voluptas
741 3571 772 3617 R.
789 3570 820 3617 G.
856 3573 895 3617 68.
909 3570 997 3631 lmpius
1012 3570 1066 3616 linc
1077 3571 1157 3630 fueris
1169 3568 1198 3614 L.
1214 3569 1245 3615 G.
1266 3571 1287 3615 si
1303 3571 1374 3615 boam
1389 3584 1436 3615 esse

387 3637 418 3684 V.
434 3635 501 3698 quod
513 3635 634 3697 improbat
648 3635 734 3682 Burm.
749 3633 851 3682 Anthol.
864 3633 910 3682 vol.
923 3633 939 3681 i.
951 3650 974 3694 p.
985 3638 1041 3682 316.
1061 3650 1107 3681 esse
1118 3635 1176 3680 coles
1187 3633 1293 3694 vulgatae
1304 3633 1435 3694 pleraeque.

386 3703 441 3749 uelis
453 3701 483 3748 L.
502 3701 545 3749 Gr.
560 3701 589 3748 P.
627 3703 665 3748 70.
679 3701 734 3747 Non
744 3701 803 3760 fiqit
815 3699 844 3746 L.
886 3700 923 3748 71.
937 3699 1016 3746 Donis
1029 3700 1154 3759 promsdcet
1168 3698 1198 3744 G.
1241 3699 1278 3747 77.
1293 3697 1328 3744 Et
1342 3699 1435 3752 lonqui-

385 3767 429 3813 dus
443 3767 495 3813 ard.
511 3765 579 3812 Han.
595 3764 652 3825 Bip.
667 3772 692 3812 et
703 3763 828 3811 nonnullae
839 3762 900 3810 aliae.
921 3762 963 3810 sed
978 3769 1076 3822 praestat
1081 3764 1117 3822 fit
1127 3763 1258 3823 lanquidus,
1270 3760 1338 3823 quod
1351 3760 1437 3820 scripti

386 3836 411 3878 et
428 3829 489 3878 editi
507 3828 618 3892 plerique
636 3830 732 3876 habent.
753 3829 796 3874 len
812 3829 937 3888 lanquidus
954 3827 985 3874 V.
1004 3826 1047 3874 Gr.
1063 3827 1094 3873 G.
1143 3827 1179 3875 78.
1194 3827 1322 3887 Laaquida
1338 3829 1437 3872 membra

387 3893 418 3942 L.
436 3895 467 3942 G.
513 3896 552 3944 79.
570 3895 615 3942 Illa
625 3893 683 3940 milri
699 3894 795 3954 quesita
805 3893 879 3938 habet
894 3890 931 3939 cd.
946 3890 1026 3938 Amst.
1041 3897 1066 3938 et
1084 3889 1140 3951 Bip.
1156 3889 1236 3938 nescio
1247 3906 1279 3937 sn
1290 3889 1357 3937 vitio.
1378 3905 1436 3936 nam

386 3957 476 4021 reliqui
491 3958 542 4008 mei
557 3957 641 4020 scripti
652 3965 677 4005 et
687 3955 771 4004 excusi
784 3957 829 4004 Illa
843 3957 904 4003 nuit
918 3956 1057 4016 praeferunt.
1074 3972 1168 4002 causam
1178 3955 1291 4018 vulgatae.
1309 3971 1392 4002 causas
1405 3954 1436 4002 L.

387 4026 426 4070 sl.
441 4025 542 4085 Prq'ecit
555 4024 585 4070 V.
606 4024 696 4085 Proieci
712 4023 791 4070 uarias
809 4021 840 4068 R.
855 4021 884 4068 L.
900 4020 931 4068 G.
951 4027 1034 4067 sanato
1049 4036 1141 4082 censore
1159 4018 1190 4066 G.
1239 4025 1277 4068 83.
1297 4017 1382 4066 Sancta
1398 4021 1435 4064 in-

385 4089 437 4150 quit
455 4088 486 4135 G.
533 4092 571 4136 85.
586 4089 713 4150 Postquam
729 4087 822 4148 maleta
841 4086 872 4134 G.
892 4087 969 4132 omniu
984 4092 1033 4132 tuto
1053 4084 1084 4132 A.
1104 4083 1134 4131 Β.
1150 4082 1189 4131 Pi.
1206 4084 1238 4132 0.
1256 4083 1313 4144 Bip.
1331 4090 1355 4132 et
1371 4081 1433 4130 slioe.

384 4159 449 4200 tanto
461 4151 491 4199 L.
507 4152 550 4200 Gr.
568 4152 599 4198 G.
