<?xml version="1.0" encoding="UTF-8"?>
<!DOCTYPE html PUBLIC "-//W3C//DTD XHTML 1.0 Transitional//EN"
    "http://www.w3.org/TR/xhtml1/DTD/xhtml1-transitional.dtd">
<html xmlns="http://www.w3.org/1999/xhtml" xml:lang="en" lang="en">
 <head>
  <title>
</title>
<meta http-equiv="Content-Type" content="text/html;charset=utf-8" />
  <meta name='ocr-system' content='tesseract 3.04.00' />
  <meta name='ocr-capabilities' content='ocr_page ocr_carea ocr_par ocr_line ocrx_word'/>
</head>
<body>
  <div class='ocr_page' id='page_1' title='image "./elegiaesexexrec00gilegoog_0047.png"; bbox 0 0 3228 4982; ppageno 0'>
   <div class='ocr_carea' id='block_1_1' title="bbox 346 476 1058 549">
    <p class='ocr_par' dir='ltr' id='par_1_1' title="bbox 346 476 1058 549">
     <span class='ocr_line' id='line_1_1' title="bbox 346 476 1058 549; baseline -0.003 0"><span class='ocrx_word' id='word_1_1' title='bbox 346 490 388 549; x_wconf 84' lang='lat'>36</span> <span class='ocrx_word' id='word_1_2' title='bbox 682 483 887 547; x_wconf 74' lang='lat' dir='ltr'>Mnxuurunu</span> <span class='ocrx_word' id='word_1_3' title='bbox 910 476 1058 547; x_wconf 73' lang='lat' dir='ltr'>Euenus.</span> 
     </span>
    </p>
   </div>
   <div class='ocr_carea' id='block_1_2' title="bbox 256 632 1396 4181">
    <p class='ocr_par' dir='ltr' id='par_1_2' title="bbox 256 632 1396 4181">
     <span class='ocr_line' id='line_1_2' title="bbox 391 632 921 718; baseline -0.002 -22"><span class='ocrx_word' id='word_1_4' title='bbox 391 632 532 718; x_wconf 87' lang='lat' dir='ltr'>Optabat</span> <span class='ocrx_word' id='word_1_5' title='bbox 546 632 627 697; x_wconf 89' lang='lat' dir='ltr'>natis</span> <span class='ocrx_word' id='word_1_6' title='bbox 641 655 693 696; x_wconf 90' lang='lat' dir='ltr'>me</span> <span class='ocrx_word' id='word_1_7' title='bbox 708 633 826 697; x_wconf 83' lang='lat' dir='ltr'>sociare</span> <span class='ocrx_word' id='word_1_8' title='bbox 841 633 921 696; x_wconf 89' lang='lat' dir='ltr'>suis:</span> 
     </span>
     <span class='ocr_line' id='line_1_3' title="bbox 350 733 1146 818; baseline 0 -21"><span class='ocrx_word' id='word_1_9' title='bbox 350 733 415 798; x_wconf 89' lang='lat' dir='ltr'>Sed</span> <span class='ocrx_word' id='word_1_10' title='bbox 428 733 507 797; x_wconf 93' lang='lat' dir='ltr'>mihi</span> <span class='ocrx_word' id='word_1_11' title='bbox 521 733 614 798; x_wconf 85' lang='lat' dir='ltr'>dulce</span> <span class='ocrx_word' id='word_1_12' title='bbox 628 733 728 818; x_wconf 86' lang='lat' dir='ltr'>magis</span> <span class='ocrx_word' id='word_1_13' title='bbox 743 733 878 798; x_wconf 89' lang='lat' dir='ltr'>resoluto</span> <span class='ocrx_word' id='word_1_14' title='bbox 893 734 997 798; x_wconf 86' lang='lat' dir='ltr'>vivere</span> <span class='ocrx_word' id='word_1_15' title='bbox 1014 733 1103 809; x_wconf 89' lang='lat' dir='ltr'>collo,</span> <span class='ocrx_word' id='word_1_16' title='bbox 1143 745 1146 752; x_wconf 83' lang='grc'>’</span> 
     </span>
     <span class='ocr_line' id='line_1_4' title="bbox 392 833 1031 922; baseline -0.002 -24"><span class='ocrx_word' id='word_1_17' title='bbox 392 833 551 922; x_wconf 80' lang='lat' dir='ltr'><strong>Nullaque</strong></span> <span class='ocrx_word' id='word_1_18' title='bbox 567 836 703 921; x_wconf 88' lang='lat' dir='ltr'>conjugii</span> <span class='ocrx_word' id='word_1_19' title='bbox 715 835 840 900; x_wconf 83' lang='lat' dir='ltr'>vincula</span> <span class='ocrx_word' id='word_1_20' title='bbox 854 845 944 919; x_wconf 88' lang='lat' dir='ltr'>grata</span> <span class='ocrx_word' id='word_1_21' title='bbox 957 835 1031 920; x_wconf 90' lang='lat' dir='ltr'>pati.</span> 
     </span>
     <span class='ocr_line' id='line_1_5' title="bbox 284 937 1092 1023; baseline -0.001 -23"><span class='ocrx_word' id='word_1_22' title='bbox 284 939 290 948; x_wconf 89' lang='lat'>&#39;</span> <span class='ocrx_word' id='word_1_23' title='bbox 349 938 441 1001; x_wconf 84' lang='lat' dir='ltr'><strong>Ibam</strong></span> <span class='ocrx_word' id='word_1_24' title='bbox 455 960 514 1023; x_wconf 93' lang='lat' dir='ltr'>per</span> <span class='ocrx_word' id='word_1_25' title='bbox 526 938 666 1002; x_wconf 87' lang='lat' dir='ltr'>mediam</span> <span class='ocrx_word' id='word_1_26' title='bbox 681 937 785 1002; x_wconf 89' lang='lat' dir='ltr'>venali</span> <span class='ocrx_word' id='word_1_27' title='bbox 800 959 927 1022; x_wconf 89' lang='lat' dir='ltr'>corpore</span> <span class='ocrx_word' id='word_1_28' title='bbox 945 937 1092 1011; x_wconf 87' lang='lat' dir='ltr'>Romam,</span> 
     </span>
     <span class='ocr_line' id='line_1_6' title="bbox 394 1039 1076 1126; baseline -0.004 -23"><span class='ocrx_word' id='word_1_29' title='bbox 394 1040 590 1124; x_wconf 88' lang='lat' dir='ltr'>Spectandus</span> <span class='ocrx_word' id='word_1_30' title='bbox 605 1039 725 1104; x_wconf 83' lang='lat' dir='ltr'>eunctis</span> <span class='ocrx_word' id='word_1_31' title='bbox 740 1039 880 1126; x_wconf 90' lang='lat' dir='ltr'>undique</span> <span class='ocrx_word' id='word_1_32' title='bbox 895 1039 1076 1123; x_wconf 89' lang='lat' dir='ltr'>virginibus.</span> 
     </span>
     <span class='ocr_line' id='line_1_7' title="bbox 350 1139 1396 1227; baseline -0.002 -24"><span class='ocrx_word' id='word_1_33' title='bbox 350 1139 497 1227; x_wconf 84' lang='lat' dir='ltr'>Quaeque</span> <span class='ocrx_word' id='word_1_34' title='bbox 512 1141 577 1226; x_wconf 90' lang='lat' dir='ltr'>peti</span> <span class='ocrx_word' id='word_1_35' title='bbox 592 1151 723 1227; x_wconf 86' lang='lat' dir='ltr'>poterat,</span> <span class='ocrx_word' id='word_1_36' title='bbox 740 1141 842 1204; x_wconf 90' lang='lat' dir='ltr'>fuerat</span> <span class='ocrx_word' id='word_1_37' title='bbox 856 1140 908 1204; x_wconf 90' lang='lat' dir='ltr'>vel</span> <span class='ocrx_word' id='word_1_38' title='bbox 922 1140 1001 1204; x_wconf 85' lang='lat' dir='ltr'>forte</span> <span class='ocrx_word' id='word_1_39' title='bbox 1016 1139 1123 1225; x_wconf 79' lang='lat' dir='ltr'>petita,</span> <span class='ocrx_word' id='word_1_40' title='bbox 1354 1145 1396 1201; x_wconf 88' lang='grc'>65</span> 
     </span>
     <span class='ocr_line' id='line_1_8' title="bbox 394 1241 1040 1327; baseline 0 -22"><span class='ocrx_word' id='word_1_41' title='bbox 394 1241 530 1306; x_wconf 87' lang='lat' dir='ltr'>Erubuit</span> <span class='ocrx_word' id='word_1_42' title='bbox 544 1243 649 1307; x_wconf 88' lang='lat' dir='ltr'>vultus</span> <span class='ocrx_word' id='word_1_43' title='bbox 663 1243 729 1307; x_wconf 89' lang='lat' dir='ltr'>visa</span> <span class='ocrx_word' id='word_1_44' title='bbox 742 1243 849 1327; x_wconf 89' lang='lat' dir='ltr'>puella</span> <span class='ocrx_word' id='word_1_45' title='bbox 863 1264 960 1318; x_wconf 88' lang='lat' dir='ltr'>meos,</span> <span class='ocrx_word' id='word_1_46' title='bbox 1035 1247 1040 1256; x_wconf 77' lang='grc'><strong>“</strong></span> 
     </span>
     <span class='ocr_line' id='line_1_9' title="bbox 282 1343 1118 1428; baseline 0.001 -22"><span class='ocrx_word' id='word_1_47' title='bbox 282 1419 286 1428; x_wconf 89' lang='lat'><em>.</em></span> <span class='ocrx_word' id='word_1_48' title='bbox 316 1358 319 1362; x_wconf 88' lang='grc'><strong>’</strong></span> <span class='ocrx_word' id='word_1_49' title='bbox 350 1343 393 1407; x_wconf 89' lang='lat' dir='ltr'>Et</span> <span class='ocrx_word' id='word_1_50' title='bbox 407 1365 492 1408; x_wconf 87' lang='lat' dir='ltr'>nune</span> <span class='ocrx_word' id='word_1_51' title='bbox 506 1345 670 1408; x_wconf 83' lang='lat' dir='ltr'>subridens</span> <span class='ocrx_word' id='word_1_52' title='bbox 685 1345 820 1409; x_wconf 85' lang='lat' dir='ltr'>latebras</span> <span class='ocrx_word' id='word_1_53' title='bbox 834 1343 966 1428; x_wconf 87' lang='lat' dir='ltr'>fugitiva</span> <span class='ocrx_word' id='word_1_54' title='bbox 980 1344 1118 1428; x_wconf 87' lang='lat' dir='ltr'>petebat,</span> 
     </span>
     <span class='ocr_line' id='line_1_10' title="bbox 256 1444 1106 1530; baseline 0 -23"><span class='ocrx_word' id='word_1_55' title='bbox 256 1477 259 1494; x_wconf 67' lang='grc' dir='ltr'>ι</span> <span class='ocrx_word' id='word_1_56' title='bbox 393 1444 467 1508; x_wconf 94' lang='lat' dir='ltr'>Non</span> <span class='ocrx_word' id='word_1_57' title='bbox 481 1456 588 1509; x_wconf 87' lang='lat' dir='ltr'>tamen</span> <span class='ocrx_word' id='word_1_58' title='bbox 604 1458 637 1510; x_wconf 91' lang='lat' dir='ltr'>et</span> <span class='ocrx_word' id='word_1_59' title='bbox 650 1446 773 1530; x_wconf 85' lang='lat' dir='ltr'>fugiens</span> <span class='ocrx_word' id='word_1_60' title='bbox 787 1457 854 1510; x_wconf 87' lang='lat' dir='ltr'>tota</span> <span class='ocrx_word' id='word_1_61' title='bbox 868 1446 966 1509; x_wconf 87' lang='lat' dir='ltr'>latere</span> <span class='ocrx_word' id='word_1_62' title='bbox 982 1445 1106 1521; x_wconf 83' lang='lat' dir='ltr'>volens3</span> 
     </span>
     <span class='ocr_line' id='line_1_11' title="bbox 351 1545 1097 1635; baseline 0 -26"><span class='ocrx_word' id='word_1_63' title='bbox 351 1545 416 1610; x_wconf 84' lang='lat' dir='ltr'>Sed</span> <span class='ocrx_word' id='word_1_64' title='bbox 429 1548 529 1631; x_wconf 92' lang='lat' dir='ltr'>magis</span> <span class='ocrx_word' id='word_1_65' title='bbox 543 1570 583 1611; x_wconf 86' lang='lat' dir='ltr'>ex</span> <span class='ocrx_word' id='word_1_66' title='bbox 597 1548 702 1635; x_wconf 89' lang='lat' dir='ltr'>aliqua</span> <span class='ocrx_word' id='word_1_67' title='bbox 716 1549 864 1633; x_wconf 82' lang='lat' dir='ltr'>cupiebat</span> <span class='ocrx_word' id='word_1_68' title='bbox 878 1559 966 1633; x_wconf 85' lang='lat' dir='ltr'>parte</span> <span class='ocrx_word' id='word_1_69' title='bbox 981 1547 1097 1611; x_wconf 88' lang='lat' dir='ltr'>videri:</span> 
     </span>
     <span class='ocr_line' id='line_1_12' title="bbox 393 1647 1113 1737; baseline 0.001 -26"><span class='ocrx_word' id='word_1_70' title='bbox 393 1647 512 1713; x_wconf 86' lang='lat' dir='ltr'>Laetior</span> <span class='ocrx_word' id='word_1_71' title='bbox 527 1649 586 1714; x_wconf 89' lang='lat' dir='ltr'>hoo</span> <span class='ocrx_word' id='word_1_72' title='bbox 601 1649 713 1735; x_wconf 87' lang='lat' dir='ltr'>potius,</span> <span class='ocrx_word' id='word_1_73' title='bbox 729 1651 815 1737; x_wconf 93' lang='lat' dir='ltr'>quod</span> <span class='ocrx_word' id='word_1_74' title='bbox 828 1650 911 1714; x_wconf 88' lang='lat' dir='ltr'>male</span> <span class='ocrx_word' id='word_1_75' title='bbox 926 1659 1011 1713; x_wconf 82' lang='lat' dir='ltr'>tecta</span> <span class='ocrx_word' id='word_1_76' title='bbox 1024 1649 1113 1712; x_wconf 84' lang='lat' dir='ltr'>foret</span> 
     </span>
     <span class='ocr_line' id='line_1_13' title="bbox 352 1750 1119 1839; baseline 0.001 -26"><span class='ocrx_word' id='word_1_77' title='bbox 352 1750 405 1814; x_wconf 86' lang='lat' dir='ltr'>Sic</span> <span class='ocrx_word' id='word_1_78' title='bbox 420 1752 540 1816; x_wconf 85' lang='lat' dir='ltr'>eunctis</span> <span class='ocrx_word' id='word_1_79' title='bbox 554 1752 706 1816; x_wconf 89' lang='lat' dir='ltr'>formosus</span> <span class='ocrx_word' id='word_1_80' title='bbox 720 1774 789 1836; x_wconf 90' lang='lat' dir='ltr'>ego,</span> <span class='ocrx_word' id='word_1_81' title='bbox 805 1763 974 1839; x_wconf 82' lang='lat' dir='ltr'>gratusque</span> <span class='ocrx_word' id='word_1_82' title='bbox 989 1751 1119 1815; x_wconf 88' lang='lat' dir='ltr'>videbar</span> 
     </span>
     <span class='ocr_line' id='line_1_14' title="bbox 394 1853 1107 1940; baseline 0 -23"><span class='ocrx_word' id='word_1_83' title='bbox 394 1853 568 1918; x_wconf 87' lang='lat' dir='ltr'>Omnibus:</span> <span class='ocrx_word' id='word_1_84' title='bbox 592 1865 625 1918; x_wconf 90' lang='lat' dir='ltr'>et</span> <span class='ocrx_word' id='word_1_85' title='bbox 639 1877 768 1940; x_wconf 89' lang='lat' dir='ltr'>sponsus</span> <span class='ocrx_word' id='word_1_86' title='bbox 783 1856 827 1919; x_wconf 83' lang='lat' dir='ltr'>sic</span> <span class='ocrx_word' id='word_1_87' title='bbox 841 1854 996 1940; x_wconf 89' lang='lat' dir='ltr'>generalis</span> <span class='ocrx_word' id='word_1_88' title='bbox 1011 1877 1107 1918; x_wconf 89' lang='lat' dir='ltr'>eram.</span> 
     </span>
     <span class='ocr_line' id='line_1_15' title="bbox 353 1954 1173 2042; baseline 0.002 -25"><span class='ocrx_word' id='word_1_89' title='bbox 353 1954 418 2017; x_wconf 88' lang='lat' dir='ltr'>Sed</span> <span class='ocrx_word' id='word_1_90' title='bbox 431 1965 555 2019; x_wconf 87' lang='lat' dir='ltr'>tantum</span> <span class='ocrx_word' id='word_1_91' title='bbox 571 1978 716 2041; x_wconf 91' lang='lat' dir='ltr'>sponsus:</span> <span class='ocrx_word' id='word_1_92' title='bbox 740 1979 815 2021; x_wconf 89' lang='lat' dir='ltr'>nam</span> <span class='ocrx_word' id='word_1_93' title='bbox 829 1980 881 2021; x_wconf 89' lang='lat' dir='ltr'>me</span> <span class='ocrx_word' id='word_1_94' title='bbox 896 1968 1009 2021; x_wconf 88' lang='lat' dir='ltr'>natura</span> <span class='ocrx_word' id='word_1_95' title='bbox 1022 1957 1173 2042; x_wconf 84' lang='lat' dir='ltr'>pudicum</span> 
     </span>
     <span class='ocr_line' id='line_1_16' title="bbox 396 2055 1050 2144; baseline 0.003 -25"><span class='ocrx_word' id='word_1_96' title='bbox 396 2055 538 2134; x_wconf 80' lang='lat' dir='ltr'>Fecerat,</span> <span class='ocrx_word' id='word_1_97' title='bbox 554 2068 587 2122; x_wconf 92' lang='lat' dir='ltr'>et</span> <span class='ocrx_word' id='word_1_98' title='bbox 602 2070 686 2123; x_wconf 84' lang='lat' dir='ltr'>casto</span> <span class='ocrx_word' id='word_1_99' title='bbox 700 2071 827 2144; x_wconf 86' lang='lat' dir='ltr'>pectore</span> <span class='ocrx_word' id='word_1_100' title='bbox 843 2058 939 2121; x_wconf 89' lang='lat' dir='ltr'>durus</span> <span class='ocrx_word' id='word_1_101' title='bbox 953 2081 1050 2122; x_wconf 88' lang='lat' dir='ltr'>eram.</span> 
     </span>
     <span class='ocr_line' id='line_1_17' title="bbox 352 2157 1169 2246; baseline 0.002 -26"><span class='ocrx_word' id='word_1_102' title='bbox 352 2157 437 2222; x_wconf 90' lang='lat' dir='ltr'>Nam</span> <span class='ocrx_word' id='word_1_103' title='bbox 453 2159 529 2223; x_wconf 91' lang='lat' dir='ltr'>dum</span> <span class='ocrx_word' id='word_1_104' title='bbox 544 2159 714 2246; x_wconf 86' lang='lat' dir='ltr'>praecipuae</span> <span class='ocrx_word' id='word_1_105' title='bbox 729 2161 822 2245; x_wconf 82' lang='lat' dir='ltr'>cupio</span> <span class='ocrx_word' id='word_1_106' title='bbox 835 2181 888 2224; x_wconf 89' lang='lat' dir='ltr'>me</span> <span class='ocrx_word' id='word_1_107' title='bbox 899 2160 1034 2246; x_wconf 91' lang='lat' dir='ltr'>jungere</span> <span class='ocrx_word' id='word_1_108' title='bbox 1049 2159 1169 2234; x_wconf 75' lang='lat' dir='ltr'>formae,</span> 
     </span>
     <span class='ocr_line' id='line_1_18' title="bbox 395 2260 1019 2348; baseline 0.002 -25"><span class='ocrx_word' id='word_1_109' title='bbox 395 2260 559 2326; x_wconf 89' lang='lat' dir='ltr'>Permansi</span> <span class='ocrx_word' id='word_1_110' title='bbox 574 2263 669 2326; x_wconf 87' lang='lat' dir='ltr'>viduo</span> <span class='ocrx_word' id='word_1_111' title='bbox 683 2263 813 2346; x_wconf 88' lang='lat' dir='ltr'>frigidus</span> <span class='ocrx_word' id='word_1_112' title='bbox 828 2283 927 2348; x_wconf 89' lang='lat' dir='ltr'>usque</span> <span class='ocrx_word' id='word_1_113' title='bbox 941 2273 1019 2325; x_wconf 87' lang='lat' dir='ltr'>toro.</span> 
     </span>
     <span class='ocr_line' id='line_1_19' title="bbox 352 2361 1258 2450; baseline 0 -26"><span class='ocrx_word' id='word_1_114' title='bbox 352 2361 465 2425; x_wconf 90' lang='lat' dir='ltr'>Omnis</span> <span class='ocrx_word' id='word_1_115' title='bbox 480 2363 564 2427; x_wconf 89' lang='lat' dir='ltr'>foeda</span> <span class='ocrx_word' id='word_1_116' title='bbox 577 2364 656 2427; x_wconf 92' lang='lat' dir='ltr'>mihi</span> <span class='ocrx_word' id='word_1_117' title='bbox 672 2375 767 2450; x_wconf 89' lang='lat' dir='ltr'>atque</span> <span class='ocrx_word' id='word_1_118' title='bbox 782 2363 884 2427; x_wconf 88' lang='lat' dir='ltr'>omnis</span> <span class='ocrx_word' id='word_1_119' title='bbox 898 2362 976 2425; x_wconf 91' lang='lat' dir='ltr'>mihi</span> <span class='ocrx_word' id='word_1_120' title='bbox 991 2362 1107 2426; x_wconf 86' lang='lat' dir='ltr'>rustica</span> <span class='ocrx_word' id='word_1_121' title='bbox 1121 2361 1187 2426; x_wconf 87' lang='lat' dir='ltr'>visa</span> <span class='ocrx_word' id='word_1_122' title='bbox 1202 2373 1258 2437; x_wconf 89' lang='lat' dir='ltr'>est,</span> 
     </span>
     <span class='ocr_line' id='line_1_20' title="bbox 394 2462 1040 2551; baseline 0 -25"><span class='ocrx_word' id='word_1_123' title='bbox 394 2462 554 2551; x_wconf 85' lang='lat' dir='ltr'>Nullaque</span> <span class='ocrx_word' id='word_1_124' title='bbox 570 2464 714 2549; x_wconf 89' lang='lat' dir='ltr'>conjugio</span> <span class='ocrx_word' id='word_1_125' title='bbox 729 2464 825 2548; x_wconf 88' lang='lat' dir='ltr'>digna</span> <span class='ocrx_word' id='word_1_126' title='bbox 838 2463 945 2549; x_wconf 88' lang='lat' dir='ltr'>puella</span> <span class='ocrx_word' id='word_1_127' title='bbox 957 2485 1040 2528; x_wconf 89' lang='lat' dir='ltr'>meo.</span> 
     </span>
     <span class='ocr_line' id='line_1_21' title="bbox 351 2564 1155 2650; baseline -0.001 -22"><span class='ocrx_word' id='word_1_128' title='bbox 351 2564 531 2630; x_wconf 82' lang='lat' dir='ltr'>Horrebam</span> <span class='ocrx_word' id='word_1_129' title='bbox 545 2577 666 2642; x_wconf 85' lang='lat' dir='ltr'>tenues,</span> <span class='ocrx_word' id='word_1_130' title='bbox 681 2565 848 2630; x_wconf 84' lang='lat' dir='ltr'>horrebam</span> <span class='ocrx_word' id='word_1_131' title='bbox 863 2587 990 2650; x_wconf 85' lang='lat' dir='ltr'>corpore</span> <span class='ocrx_word' id='word_1_132' title='bbox 1005 2565 1155 2650; x_wconf 87' lang='lat' dir='ltr'>pingues:</span> 
     </span>
     <span class='ocr_line' id='line_1_22' title="bbox 396 2667 1156 2752; baseline 0.001 -22"><span class='ocrx_word' id='word_1_133' title='bbox 396 2667 470 2732; x_wconf 94' lang='lat' dir='ltr'>Non</span> <span class='ocrx_word' id='word_1_134' title='bbox 484 2668 562 2732; x_wconf 93' lang='lat' dir='ltr'>mihi</span> <span class='ocrx_word' id='word_1_135' title='bbox 576 2678 667 2752; x_wconf 89' lang='lat' dir='ltr'>grata</span> <span class='ocrx_word' id='word_1_136' title='bbox 680 2668 792 2744; x_wconf 83' lang='lat' dir='ltr'>brevis,</span> <span class='ocrx_word' id='word_1_137' title='bbox 809 2690 872 2731; x_wconf 94' lang='lat' dir='ltr'>non</span> <span class='ocrx_word' id='word_1_138' title='bbox 886 2667 965 2731; x_wconf 90' lang='lat' dir='ltr'>mihi</span> <span class='ocrx_word' id='word_1_139' title='bbox 979 2667 1074 2752; x_wconf 89' lang='lat' dir='ltr'>longa</span> <span class='ocrx_word' id='word_1_140' title='bbox 1088 2668 1156 2731; x_wconf 88' lang='lat' dir='ltr'>fuit.</span> 
     </span>
     <span class='ocr_line' id='line_1_23' title="bbox 352 2767 1054 2833; baseline 0.003 -3"><span class='ocrx_word' id='word_1_141' title='bbox 352 2767 436 2831; x_wconf 88' lang='lat' dir='ltr'>Cum</span> <span class='ocrx_word' id='word_1_142' title='bbox 450 2769 556 2833; x_wconf 88' lang='lat' dir='ltr'>media</span> <span class='ocrx_word' id='word_1_143' title='bbox 569 2779 693 2833; x_wconf 86' lang='lat' dir='ltr'>tanturn</span> <span class='ocrx_word' id='word_1_144' title='bbox 709 2768 805 2832; x_wconf 87' lang='lat' dir='ltr'>dilexi</span> <span class='ocrx_word' id='word_1_145' title='bbox 819 2768 928 2831; x_wconf 89' lang='lat' dir='ltr'>ludere</span> <span class='ocrx_word' id='word_1_146' title='bbox 944 2768 1054 2832; x_wconf 81' lang='lat' dir='ltr'>forma</span> 
     </span>
     <span class='ocr_line' id='line_1_24' title="bbox 396 2868 1056 2955; baseline -0.002 -22"><span class='ocrx_word' id='word_1_147' title='bbox 396 2868 503 2955; x_wconf 90' lang='lat' dir='ltr'>Major</span> <span class='ocrx_word' id='word_1_148' title='bbox 517 2870 603 2935; x_wconf 84' lang='lat' dir='ltr'>enim</span> <span class='ocrx_word' id='word_1_149' title='bbox 617 2869 729 2935; x_wconf 88' lang='lat' dir='ltr'>mediis</span> <span class='ocrx_word' id='word_1_150' title='bbox 743 2868 844 2954; x_wconf 86' lang='lat' dir='ltr'>gratia</span> <span class='ocrx_word' id='word_1_151' title='bbox 857 2869 951 2933; x_wconf 89' lang='lat' dir='ltr'>rebus</span> <span class='ocrx_word' id='word_1_152' title='bbox 966 2868 1056 2932; x_wconf 84' lang='lat' dir='ltr'>inest</span> 
     </span>
     <span class='ocr_line' id='line_1_25' title="bbox 353 2970 1055 3059; baseline -0.001 -23"><span class='ocrx_word' id='word_1_153' title='bbox 353 2972 498 3059; x_wconf 87' lang='lat' dir='ltr'>Corporis</span> <span class='ocrx_word' id='word_1_154' title='bbox 512 2972 568 3037; x_wconf 88' lang='lat' dir='ltr'>has</span> <span class='ocrx_word' id='word_1_155' title='bbox 582 2973 679 3037; x_wconf 88' lang='lat' dir='ltr'>nostri</span> <span class='ocrx_word' id='word_1_156' title='bbox 693 2971 796 3037; x_wconf 86' lang='lat' dir='ltr'>mollis</span> <span class='ocrx_word' id='word_1_157' title='bbox 810 2970 937 3036; x_wconf 84' lang='lat' dir='ltr'>lascivia</span> <span class='ocrx_word' id='word_1_158' title='bbox 951 2981 1055 3057; x_wconf 84' lang='lat' dir='ltr'>partes</span> 
     </span>
     <span class='ocr_line' id='line_1_26' title="bbox 397 3074 1060 3152; baseline 0.002 -15"><span class='ocrx_word' id='word_1_159' title='bbox 397 3075 520 3152; x_wconf 77' lang='lat' dir='ltr'>Incolit,</span> <span class='ocrx_word' id='word_1_160' title='bbox 536 3075 592 3139; x_wconf 89' lang='lat' dir='ltr'>has</span> <span class='ocrx_word' id='word_1_161' title='bbox 606 3075 695 3139; x_wconf 90' lang='lat' dir='ltr'>sedes</span> <span class='ocrx_word' id='word_1_162' title='bbox 709 3085 813 3139; x_wconf 89' lang='lat' dir='ltr'>mater</span> <span class='ocrx_word' id='word_1_163' title='bbox 827 3074 940 3139; x_wconf 89' lang='lat' dir='ltr'>amoris</span> <span class='ocrx_word' id='word_1_164' title='bbox 954 3074 1060 3138; x_wconf 82' lang='lat' dir='ltr'>habet</span> 
     </span>
     <span class='ocr_line' id='line_1_27' title="bbox 353 3175 1218 3261; baseline -0.005 -21"><span class='ocrx_word' id='word_1_165' title='bbox 353 3175 545 3248; x_wconf 87' lang='lat' dir='ltr'>Quaerebam</span> <span class='ocrx_word' id='word_1_166' title='bbox 559 3177 720 3258; x_wconf 82' lang='lat' dir='ltr'>gracilem,</span> <span class='ocrx_word' id='word_1_167' title='bbox 736 3177 793 3239; x_wconf 89' lang='lat' dir='ltr'>sed</span> <span class='ocrx_word' id='word_1_168' title='bbox 806 3199 879 3261; x_wconf 89' lang='lat' dir='ltr'>quae</span> <span class='ocrx_word' id='word_1_169' title='bbox 894 3198 957 3240; x_wconf 95' lang='lat' dir='ltr'>non</span> <span class='ocrx_word' id='word_1_170' title='bbox 972 3198 1080 3240; x_wconf 87' lang='lat' dir='ltr'>macra</span> <span class='ocrx_word' id='word_1_171' title='bbox 1093 3175 1218 3239; x_wconf 87' lang='lat' dir='ltr'>fuisset:</span> 
     </span>
     <span class='ocr_line' id='line_1_28' title="bbox 272 3275 1152 3361; baseline -0.001 -22"><span class='ocrx_word' id='word_1_172' title='bbox 272 3297 278 3321; x_wconf 77' lang='lat'>¹</span> <span class='ocrx_word' id='word_1_173' title='bbox 395 3275 506 3339; x_wconf 88' lang='lat' dir='ltr'>Carnis</span> <span class='ocrx_word' id='word_1_174' title='bbox 520 3276 562 3338; x_wconf 93' lang='lat' dir='ltr'>ad</span> <span class='ocrx_word' id='word_1_175' title='bbox 575 3276 713 3339; x_wconf 85' lang='lat' dir='ltr'>officium</span> <span class='ocrx_word' id='word_1_176' title='bbox 729 3297 843 3339; x_wconf 89' lang='lat' dir='ltr'>carnea</span> <span class='ocrx_word' id='word_1_177' title='bbox 856 3278 1002 3339; x_wconf 88' lang='lat' dir='ltr'>membra</span> <span class='ocrx_word' id='word_1_178' title='bbox 1015 3276 1152 3361; x_wconf 82' lang='lat' dir='ltr'>placent.</span> 
     </span>
     <span class='ocr_line' id='line_1_29' title="bbox 355 3375 1184 3463; baseline -0.001 -23"><span class='ocrx_word' id='word_1_179' title='bbox 355 3375 411 3453; x_wconf 83' lang='lat' dir='ltr'>sit,</span> <span class='ocrx_word' id='word_1_180' title='bbox 428 3377 514 3463; x_wconf 93' lang='lat' dir='ltr'>quod</span> <span class='ocrx_word' id='word_1_181' title='bbox 527 3376 560 3439; x_wconf 91' lang='lat' dir='ltr'>in</span> <span class='ocrx_word' id='word_1_182' title='bbox 574 3377 722 3463; x_wconf 87' lang='lat' dir='ltr'>amplexu</span> <span class='ocrx_word' id='word_1_183' title='bbox 737 3376 873 3440; x_wconf 87' lang='lat' dir='ltr'>delectet</span> <span class='ocrx_word' id='word_1_184' title='bbox 887 3376 1048 3459; x_wconf 88' lang='lat' dir='ltr'>stringere,</span> <span class='ocrx_word' id='word_1_185' title='bbox 1065 3397 1184 3462; x_wconf 89' lang='lat' dir='ltr'>corpus,</span> 
     </span>
     <span class='ocr_line' id='line_1_30' title="bbox 397 3477 1088 3566; baseline 0 -24"><span class='ocrx_word' id='word_1_186' title='bbox 397 3479 448 3542; x_wconf 87' lang='lat' dir='ltr'>Ne</span> <span class='ocrx_word' id='word_1_187' title='bbox 463 3479 581 3543; x_wconf 86' lang='lat' dir='ltr'>loedant</span> <span class='ocrx_word' id='word_1_188' title='bbox 594 3501 735 3565; x_wconf 89' lang='lat' dir='ltr'>pressum</span> <span class='ocrx_word' id='word_1_189' title='bbox 750 3477 903 3566; x_wconf 86' lang='lat' dir='ltr'>quaelibet</span> <span class='ocrx_word' id='word_1_190' title='bbox 917 3499 985 3542; x_wconf 88' lang='lat' dir='ltr'>ossa</span> <span class='ocrx_word' id='word_1_191' title='bbox 998 3477 1088 3542; x_wconf 88' lang='lat' dir='ltr'>latus.</span> 
     </span>
     <span class='ocr_line' id='line_1_31' title="bbox 355 3580 1096 3670; baseline -0.005 -21"><span class='ocrx_word' id='word_1_192' title='bbox 355 3583 500 3650; x_wconf 86' lang='lat' dir='ltr'>Candida</span> <span class='ocrx_word' id='word_1_193' title='bbox 514 3583 675 3660; x_wconf 87' lang='lat' dir='ltr'>contemsi‚</span> <span class='ocrx_word' id='word_1_194' title='bbox 691 3581 750 3646; x_wconf 91' lang='lat' dir='ltr'>nisi</span> <span class='ocrx_word' id='word_1_195' title='bbox 765 3605 838 3670; x_wconf 87' lang='lat' dir='ltr'>quae</span> <span class='ocrx_word' id='word_1_196' title='bbox 853 3580 969 3646; x_wconf 85' lang='lat' dir='ltr'>suffusa</span> <span class='ocrx_word' id='word_1_197' title='bbox 983 3582 1096 3646; x_wconf 86' lang='lat' dir='ltr'>rubore</span> 
     </span>
     <span class='ocr_line' id='line_1_32' title="bbox 398 3684 1010 3771; baseline -0.008 -20"><span class='ocrx_word' id='word_1_198' title='bbox 398 3686 576 3751; x_wconf 87' lang='lat' dir='ltr'>Vernarent</span> <span class='ocrx_word' id='word_1_199' title='bbox 588 3685 719 3771; x_wconf 90' lang='lat' dir='ltr'>propriis</span> <span class='ocrx_word' id='word_1_200' title='bbox 734 3707 788 3749; x_wconf 90' lang='lat' dir='ltr'>ora</span> <span class='ocrx_word' id='word_1_201' title='bbox 802 3707 913 3748; x_wconf 89' lang='lat' dir='ltr'>serena</span> <span class='ocrx_word' id='word_1_202' title='bbox 926 3684 1010 3747; x_wconf 90' lang='lat' dir='ltr'>rosis.</span> 
     </span>
     <span class='ocr_line' id='line_1_33' title="bbox 356 3785 1220 3871; baseline -0.005 -18"><span class='ocrx_word' id='word_1_203' title='bbox 356 3789 453 3853; x_wconf 85' lang='lat' dir='ltr'>Hunc</span> <span class='ocrx_word' id='word_1_204' title='bbox 465 3788 574 3852; x_wconf 91' lang='lat' dir='ltr'>Venus</span> <span class='ocrx_word' id='word_1_205' title='bbox 589 3799 662 3852; x_wconf 88' lang='lat' dir='ltr'>ante</span> <span class='ocrx_word' id='word_1_206' title='bbox 677 3787 753 3852; x_wconf 88' lang='lat' dir='ltr'>alios</span> <span class='ocrx_word' id='word_1_207' title='bbox 767 3787 827 3851; x_wconf 89' lang='lat' dir='ltr'>sibi</span> <span class='ocrx_word' id='word_1_208' title='bbox 841 3786 980 3850; x_wconf 82' lang='lat' dir='ltr'>vindieat</span> <span class='ocrx_word' id='word_1_209' title='bbox 994 3785 1061 3871; x_wconf 86' lang='lat' dir='ltr'>ipsa</span> <span class='ocrx_word' id='word_1_210' title='bbox 1075 3786 1220 3861; x_wconf 85' lang='lat' dir='ltr'>colorem,</span> 
     </span>
     <span class='ocr_line' id='line_1_34' title="bbox 398 3889 1059 3977; baseline -0.003 -22"><span class='ocrx_word' id='word_1_211' title='bbox 398 3890 511 3975; x_wconf 91' lang='lat' dir='ltr'>Diligit</span> <span class='ocrx_word' id='word_1_212' title='bbox 525 3901 558 3955; x_wconf 89' lang='lat' dir='ltr'>et</span> <span class='ocrx_word' id='word_1_213' title='bbox 572 3891 682 3956; x_wconf 89' lang='lat' dir='ltr'>florem</span> <span class='ocrx_word' id='word_1_214' title='bbox 699 3889 809 3977; x_wconf 87' lang='lat' dir='ltr'>Cypris</span> <span class='ocrx_word' id='word_1_215' title='bbox 824 3889 942 3977; x_wconf 88' lang='lat' dir='ltr'>ubique</span> <span class='ocrx_word' id='word_1_216' title='bbox 958 3912 1059 3954; x_wconf 90' lang='lat' dir='ltr'>suum.</span> 
     </span>
     <span class='ocr_line' id='line_1_35' title="bbox 354 3993 1086 4080; baseline -0.001 -22"><span class='ocrx_word' id='word_1_217' title='bbox 354 3995 462 4058; x_wconf 89' lang='lat' dir='ltr'>Aurea</span> <span class='ocrx_word' id='word_1_218' title='bbox 477 3994 628 4072; x_wconf 86' lang='lat' dir='ltr'>caesaries,</span> <span class='ocrx_word' id='word_1_219' title='bbox 645 3994 841 4080; x_wconf 88' lang='lat' dir='ltr'>demissaque</span> <span class='ocrx_word' id='word_1_220' title='bbox 856 3994 958 4058; x_wconf 81' lang='lat' dir='ltr'>lactea</span> <span class='ocrx_word' id='word_1_221' title='bbox 972 3993 1086 4068; x_wconf 84' lang='lat' dir='ltr'>cervix,</span> 
     </span>
     <span class='ocr_line' id='line_1_36' title="bbox 398 4094 1035 4181; baseline -0.003 -21"><span class='ocrx_word' id='word_1_222' title='bbox 398 4094 547 4160; x_wconf 86' lang='lat' dir='ltr'>Vultibus</span> <span class='ocrx_word' id='word_1_223' title='bbox 562 4096 706 4181; x_wconf 89' lang='lat' dir='ltr'>ingenuis</span> <span class='ocrx_word' id='word_1_224' title='bbox 721 4097 786 4161; x_wconf 85' lang='lat' dir='ltr'>visa</span> <span class='ocrx_word' id='word_1_225' title='bbox 800 4097 912 4160; x_wconf 82' lang='lat' dir='ltr'>decere</span> <span class='ocrx_word' id='word_1_226' title='bbox 927 4096 1035 4180; x_wconf 86' lang='lat' dir='ltr'>magis.</span> 
     </span>
    </p>
   </div>
   <div class='ocr_carea' id='block_1_3' title="bbox 501 4554 1243 4962">
    <p class='ocr_par' dir='ltr' id='par_1_3' title="bbox 501 4521 1243 4962">
     <span class='ocr_line' id='line_1_37' title="bbox 501 4554 1243 4962; baseline -0.004 1"><span class='ocrx_word' id='word_1_227' title='bbox 501 4554 1243 4962; x_wconf 66' lang='lat' dir='ltr'>rm</span> 
     </span>
    </p>
   </div>
   <div class='ocr_carea' id='block_1_4' title="bbox 0 0 1624 4982">
    <p class='ocr_par' dir='ltr' id='par_1_4' title="bbox 0 0 1624 4982">
     <span class='ocr_line' id='line_1_38' title="bbox 0 0 1624 4982; baseline 0 0"><span class='ocrx_word' id='word_1_228' title='bbox 0 0 1624 4982; x_wconf 95' lang='lat' dir='ltr'> </span> 
     </span>
    </p>
   </div>
  </div>
 </body>
</html>
