3228 4982
609 474 822 546 Maximum.
1195 479 1234 540 21

193 625 275 690 inter
292 627 529 712 Epigrammata
548 639 580 691 et
597 629 748 692 Poemata
763 639 878 703 vetera,
897 628 993 690 Paris.
1013 633 1105 690 1590.
1121 648 1151 712 p.
1164 631 1238 702 423,

193 713 288 796 plane
310 714 355 778 ita
377 713 531 797 inscripsit
555 725 588 778 et
616 715 791 796 integravit,
816 714 862 776 uti
888 713 1083 776 Pulmannus
1112 713 1238 776 fecerat.

196 797 238 860 Et
255 799 432 874 Goldastus,
455 798 538 861 inter
554 798 659 863 Ovidii
683 799 810 862 Erotica
831 810 864 862 et
884 799 1048 862 Amatoria
1068 799 1238 882 Opuscula,

87 897 95 914 ¹
196 881 338 946 Francos.
358 889 450 946 1610.
471 907 501 966 p.
520 889 572 960 48,
597 895 722 948 textum
745 884 903 967 integrum
929 883 1117 947 Maximiani
1141 883 1239 958 dedit,

194 969 248 1030 sed
271 969 329 1031 sub
350 968 477 1032 nomine
497 971 641 1034 Cornelii
656 971 859 1034 Maximiani
878 971 973 1033 Galli
987 969 1134 1044 Etrusci,
1155 969 1241 1055 quod

122 1066 125 1072 ’
195 1052 246 1116 ille
271 1053 304 1116 in
327 1053 545 1138 manuscriptis
569 1053 727 1116 codicibus
751 1053 813 1136 legi
837 1053 1032 1129 existimavit,
1049 1075 1107 1136 ego
1130 1075 1241 1116 verum

194 1161 257 1201 non
272 1149 357 1222 puto.
407 1139 581 1236 Sequentes
596 1138 739 1214 editores,
756 1138 853 1202 semel
870 1138 990 1214 moniti,
1008 1137 1242 1216 Maximianum

194 1223 362 1287 triumviris
391 1234 490 1308 poetis
519 1224 734 1307 adjungentes,
765 1223 950 1309 plerumque
980 1223 1154 1287 inscribunt
1183 1223 1242 1287 hac

195 1308 348 1372 formula:
374 1311 431 1373 Cn.
453 1311 596 1373 Cornelii
615 1311 720 1385 Galli,
735 1312 788 1374 ael
801 1311 916 1406 potius
931 1311 1144 1386 Marrimiaai,
1161 1311 1242 1373 Ele-

192 1397 325 1479 giaram
347 1395 495 1468 libellaa,·
521 1395 692 1492 (quomodo
714 1394 848 1469 invenro,
865 1393 898 1456 111
922 1415 969 1469 ca,
984 1415 1057 1492 quae
1075 1393 1242 1476 Brageraci

195 1501 278 1540 anno
296 1483 387 1540 1611.
403 1478 531 1562 prodiit)
550 1479 644 1563 idque
667 1479 726 1542 hoc
741 1478 920 1562 diligentius
940 1479 980 1542 ab
995 1479 1032 1541 ris
1054 1480 1242 1542 servandum

196 1562 264 1638 fuit,
292 1573 456 1648 postquam
482 1563 515 1624 in
541 1563 678 1627 editione
707 1563 909 1638 Hanoviensi,
936 1569 1028 1639 1608,
1057 1563 1243 1626 Triumviris

196 1647 304 1731 poetiS,
328 1659 443 1731 praeter
465 1647 567 1710 adhuc
586 1649 718 1712 creditas
735 1650 829 1712 Corn.
848 1647 933 1710 Galli
950 1647 1085 1730 Elegiae,
1101 1647 1163 1711 alia
1184 1649 1243 1712 sub

197 1732 300 1795 Asinii
317 1732 455 1796 Cornelii
472 1732 557 1794 Galli
576 1733 703 1794 nornine
724 1735 764 1796 ab
781 1733 865 1795 Aldo
882 1732 1030 1795 Manutio
1051 1733 1174 1816 prodita
1193 1756 1245 1796 ac-

197 1817 297 1892 cessit,
314 1827 346 1880 et
367 1839 448 1879 unus
465 1817 559 1880 Com.
577 1817 688 1880 Gallus
710 1818 831 1903 spurius
846 1818 886 1880 ab
909 1817 1006 1880 altero
1022 1817 1244 1882 discernendus

197 1902 265 1965 fuit.
305 1903 343 1965 In
358 1901 514 1987 plerisque
530 1912 636 1965 autem
652 1902 736 1965 hisce
753 1902 941 1966 editionibus
956 1903 1050 1987 plane
1063 1903 1244 1966 mirandum

197 1997 253 2062 est,
279 1987 420 2073 quamvis
444 1987 603 2072 inscriptio
627 1987 798 2070 elegiarum
822 1987 861 2051 de
888 2011 961 2051 vero
985 1998 1111 2051 auctore
1139 1987 1245 2051 Maxi-

197 2072 302 2136 miano
317 2083 453 2147 moneat,
470 2072 573 2156 ipsum
595 2073 738 2135 libellum
759 2083 866 2136 tamen
881 2073 922 2136 ad
942 2073 1075 2136 formam
1090 2084 1123 2136 et
1137 2095 1246 2135 recen-

198 2157 317 2220 sionem
339 2157 468 2220 Gaurici
492 2157 607 2220 falsarii
631 2158 707 2233 dari,
730 2169 762 2220 et
785 2180 848 2220 non
872 2157 973 2220 solum
997 2158 1094 2220 vitam
1119 2157 1205 2220 Galli
1227 2181 1247 2221 a

200 2243 337 2306 Gaurico
357 2243 516 2326 scriptam,
541 2265 613 2328 quae
637 2242 833 2307 Maximiano
859 2243 998 2325 abrogat,
1019 2243 1169 2328 praeponi,
1191 2245 1247 2306 sed

198 2328 295 2390 etiam
321 2338 449 2392 caeteras
475 2327 687 2412 corruptiones
713 2328 745 2390 in
771 2338 857 2391 texto
883 2328 979 2391 factas
1005 2327 1141 2390 retineri.
1194 2329 1268 2392 Sic'

198 2413 316 2476 factum
340 2412 430 2475 video
454 2413 487 2474 in
512 2413 655 2498 exemplo
681 2413 808 2489 Catulli,
830 2413 904 2476 Tib.
930 2413 1022 2497 Prop.
1046 2415 1131 2498 quod
1153 2437 1248 2498 opera

199 2498 271 2562 Jani
289 2497 460 2572 Gebhardi,
477 2520 550 2560 cum
565 2498 645 2562 notis
658 2499 725 2582 ejus
741 2509 773 2562 et
787 2499 890 2561 indice
908 2498 1032 2584 Horatii
1048 2498 1247 2582 Tuscanellae

200 2583 320 2646 editum
341 2593 388 2645 est
405 2583 569 2657 Hanoviae‚
590 2589 681 2646 1618.
698 2590 766 2647 810.
789 2584 967 2669 iterumque
992 2583 1134 2646 Francos.
1155 2589 1247 2646 1621.

200 2674 269 2732 8vo.
317 2667 427 2731 Plures
447 2667 517 2731 aliae
540 2668 691 2732 editiones
706 2668 847 2752 ejusdem
863 2679 946 2734 notae
962 2667 1062 2732 obviae
1078 2678 1159 2744 sunt,
1176 2691 1249 2754 quae

200 2776 220 2816 a
233 2753 372 2837 priorum
388 2753 612 2817 consuetudine
627 2777 691 2817 non
713 2755 874 2830 recedunt,
889 2765 926 2817 ut
942 2753 1250 2818 Amstelodamenses

201 2838 400 2902 Jansonianae
416 2838 449 2900 in
464 2844 565 2914 16mo,
579 2850 611 2902 et
626 2840 838 2903 recentissima
855 2839 1034 2923 Bipontina,
1050 2843 1142 2902 1783·
1168 2839 1250 2902 Uni-

110 2961 112 2965 *
202 2946 289 2986 verse
303 2923 381 2986 mihi
397 2945 438 2986 ex
453 2925 685 3007 comparatione
702 2925 856 2987 editorum
872 2923 1112 3006 exemplarium,
1134 2933 1166 2986 et
1182 2946 1251 2986 ma-

201 3009 430 3092 nuscriptomm
451 3009 614 3071 observare
635 3009 732 3084 licuit,
756 3008 815 3071 ista
860 3007 968 3070 uidem
991 3029 1103 3090 pamm
1126 3006 1251 3070 differre

203 3094 236 3156 in
259 3093 453 3169 lectionibus,
470 3103 503 3156 et
525 3094 626 3156 multa
647 3094 764 3157 habere
786 3031 908 3168 11111111,
925 3093 1041 3176 pariter
1062 3103 1168 3156 autem
1184 3117 1252 3158 ma-

203 3179 370 3263 nuscripta,
395 3179 450 3242 ubi
474 3178 595 3242 diversa
615 3180 656 3243 ab
679 3179 743 3243 istis
768 3178 938 3263 profemnt,
964 3177 997 3240 in
1022 3178 1058 3240 iis
1081 3178 1154 3264 ipsis
1179 3201 1253 3242 con-

204 3265 309 3326 venire
333 3265 415 3326 inter
437 3287 479 3339 se,
501 3264 546 3326 ita
569 3264 698 3350 quidem
718 3275 754 3328 ut
777 3263 1025 3328 adhuc-diversa
1048 3273 1252 3350 utrorumque

204 3349 343 3412 recensio
369 3350 549 3433 reperiatur.
595 3350 641 3413 At
670 3371 713 3413 ex
738 3350 785 3413 his
811 3347 1005 3432 intelligitur,
1030 3371 1127 3434 quam
1153 3349 1253 3432 negli-

205 3569 259 3626 tur,
275 3561 436 3615 Maximiani
447 3564 550 3632 Elegiae
569 3566 603 3618 ad
615 3565 710 3618 editio·
747 3563 849 3616 recenti
866 3562 929 3615 edit.
943 3560 1087 3613 Parisiensi
1103 3559 1179 3612 video
1198 3560 1253 3612 sin-

205 3649 268 3683 nem
281 3632 478 3685 Plautinianam
494 3639 569 3700 1569,
589 3652 710 3687 esecun-
747 3633 818 3702 gulis
838 3631 941 3698 Elegiis
961 3632 1042 3684 breve
1066 3635 1256 3696 argumentum

205 3701 246 3752 dis
259 3701 330 3754 curis
345 3702 445 3756 Theod.
456 3703 600 3756 Pulmanni
609 3705 712 3758 collatae
748 3702 934 3771 praepositum
955 3699 1058 3768 Elegiae
1071 3699 1093 3752 I.
1105 3701 1256 3752 Senectutis

207 3777 279 3835 sunt,
298 3777 403 3823 textum
443 3773 533 3825 uidem
553 3772 714 3842 Maximiani
749 3774 904 3840 descriptio.
936 3770 975 3823 II.
996 3771 1061 3824 Nan
1082 3771 1256 3838 despicienda

207 3856 224 3890 a
243 3841 401 3908 corruptelis
447 3842 531 3894 aurici
549 3843 714 3894 vindicatum
749 3850 877 3894 senectus.
915 3839 970 3892 III.
984 3841 1095 3892 Narrat
1107 3840 1191 3908 facta
1203 3841 1254 3906 ja·

207 3907 296 3973 habet,
319 3910 366 3962 sed
389 3911 573 3979 praefationem
597 3912 714 3980 aliquam
750 3913 873 3963 vecturis.
912 3909 962 3962 IV.
988 3911 1075 3962 Initia
1097 3911 1140 3960 sui
1159 3918 1258 3961 narrat

208 3977 353 4030 Pulmanni
361 3997 414 4032 nan
422 3981 538 4046 exhibet,
550 3998 637 4050 neque
647 3981 713 4032 titu·
752 3982 861 4032 amoris.
899 3978 1169 4044 V.-Mulierfirr9eas
1182 3996 1256 4031 amo-

208 4046 265 4098 lum
278 4048 424 4116 elegiarum
438 4049 533 4102 iisdem
550 4050 637 4102 verbis
649 4067 713 4102 con·
752 4067 815 4102 ram.
845 4048 895 4103 Vl.
915 4049 1063 4101 Consilium
1082 4047 1189 4100 senibus
1206 4049 1256 4100 cla·

209 4123 317 4184 ceptum
325 4119 464 4188 praeponit.
486 4119 716 4174 Crateruminhac
748 4116 836 4172 111111..
937 4155 940 4159 .
