3228 4982
359 493 403 552 uo
634 484 741 548 Norm
758 501 799 545 nr
816 483 937 546 Virum
954 481 1150 547 Lucrrouus

366 623 403 678 ris
419 622 472 676 mei
488 620 627 676 debilitata
648 629 675 674 et
693 620 827 689 depressa,
848 637 907 690 quc
924 628 1028 689 sponte,
1046 636 1096 689 per
1117 633 1154 686 se,
1178 619 1254 674 nulla
1269 634 1352 674 cause
1369 634 1417 674 ex·

366 701 443 750 terna
463 693 614 762 adjuvante,
638 693 760 746 soluitur.
798 690 874 744 Infra
891 707 916 746 r.
935 696 1005 744 259:
1034 692 1135 744 Omnia
1153 699 1261 744 antarta
1278 693 1421 745 solvuntur

367 769 473 820 viscera
489 767 728 817 nostru—166.
750 762 824 816 Vitio
840 764 967 829 carpitur
984 763 1046 830 ipsa
1062 758 1126 828 suo]
1147 761 1325 815 Ommerenus
1342 761 1418 815 simi·

366 836 421 890 lem
433 835 522 886 locum
536 832 626 886 Ovidii
638 831 785 898 annotavit,
800 833 835 885 A.
851 831 884 884 A.
898 831 925 884 ii.
943 836 1008 884 114:
1030 833 1133 885 Forma
1145 833 1356 902 bonumfrapile
1368 841 1418 897 est,

366 913 549 976 qsroutumque
561 905 668 956 accedit
679 904 719 955 ud
729 920 823 967 annos,
840 903 889 954 Fit
905 905 993 955 minor
1006 909 1032 955 ct
1043 905 1136 970 spatio
1148 905 1274 970 carpitur
1287 906 1348 970 ipso
1361 919 1419 956 suo.

368 979 500 1028 -170.
516 975 565 1026 Fit
582 976 671 1040 inopis
689 991 703 1026 e
722 975 812 1026 domu.
833 969 953 1039 tristior]
974 972 1088 1024 Locutio
1106 973 1173 1038 haec,
1193 979 1339 1025 annotante
1357 971 1419 1025 Wi-

368 1045 451 1099 thofio
469 1062 496 1114 p.
510 1048 571 1109 315,
593 1060 646 1113 qua
663 1044 845 1112 comparativo
863 1059 915 1094 vox
933 1041 986 1095 alia
1004 1043 1135 1110 ejusmodi
1153 1042 1286 1110 adjicitur,
1303 1041 1421 1111 pertinet

368 1117 403 1170 ed
421 1115 598 1184 pleonasmos,
618 1121 646 1166 et
663 1113 807 1180 interdum,
828 1129 991 1182 quamquam
1009 1113 1104 1177 rarius,
1124 1112 1241 1165 occurrit
1259 1113 1330 1182 apud
1348 1112 1418 1177 illos,

370 1186 417 1257 qui
432 1193 492 1254 post
505 1183 610 1238 Latinae
627 1184 729 1253 linguae
741 1185 819 1248 ἀκμήν
830 1183 963 1236 vixerunt.
1001 1181 1077 1235 Idem
1090 1183 1122 1236 de
1134 1183 1231 1247 verbis,
1247 1199 1307 1252 quae
1323 1183 1419 1251 plerae-

369 1273 422 1327 que
439 1254 568 1308 editiones
584 1255 720 1318 exhibent,
739 1255 846 1306 domnis
863 1255 969 1306 tristior
985 1270 1056 1305 aruo
1076 1256 1151 1318 meis,
1166 1253 1271 1322 quaerit,
1291 1252 1356 1322 quid
1374 1269 1422 1321 per

370 1343 466 1380 urnam
478 1325 522 1378 hic
534 1324 651 1393 intelligi
663 1324 766 1377 debeat.
793 1322 887 1377 Videri
899 1322 1021 1377 librarios
1033 1323 1076 1376 vel
1089 1323 1274 1392 sepulcralem,
1285 1323 1328 1375 vel
1341 1323 1421 1376 aliam

369 1412 452 1466 quam
467 1411 562 1448 urnam
578 1393 750 1458 intellexisse,
769 1408 823 1461 qua
839 1410 902 1462 opes
919 1394 998 1446 condi
1015 1392 1127 1462 possint,
1142 1410 1257 1462 quorum
1274 1393 1326 1446 hoe
1344 1394 1421 1462 inep-

370 1474 438 1529 tum,
462 1465 577 1517 alterum
600 1463 819 1533 intempestivum
838 1464 881 1516 sit.
920 1463 1017 1533 Itaque
1037 1463 1114 1518 ulcus
1135 1463 1173 1516 sie
1195 1464 1345 1516 sanandum
1363 1479 1423 1516 esse

370 1535 470 1588 credit:
495 1535 545 1588 Fit
564 1536 653 1602 mayis
675 1543 701 1587 et
722 1535 829 1586 damnis
843 1535 925 1602 justa
947 1535 1058 1603 querela
1079 1536 1154 1588 meis.
1193 1533 1309 1587 Sensum
1330 1543 1422 1588 autem

370 1605 443 1658 hunc
458 1622 515 1658 esse
528 1604 581 1658 ait:
604 1604 703 1658 Omnia
719 1603 846 1670 remedia,
861 1620 921 1673 quae
937 1611 1075 1673 parantur,
1094 1611 1216 1673 pereunt,
1235 1611 1263 1657 et
1278 1605 1307 1656 in
1323 1621 1423 1656 vanum

371 1675 494 1729 recidunt
506 1692 569 1728 curn
581 1675 639 1744 ipsa
650 1673 763 1727 materia
778 1681 806 1726 et
822 1674 959 1743 impensis,
973 1675 1044 1727 unde
1057 1675 1165 1744 querela
1177 1691 1238 1728 mea
1249 1674 1335 1743 magis
1347 1675 1425 1742 justa

371 1745 514 1800 reddituri
533 1745 569 1798 sis
581 1745 635 1798 illis
647 1744 759 1810 damnis,
775 1745 923 1814 opibusque
938 1744 1037 1797 frustra
1053 1745 1178 1813 erogatis.
1217 1744 1271 1798 Sed
1283 1759 1423 1813 perperam

372 1816 479 1870 videtur
531 1815 640 1869 ithofius
655 1817 755 1868 domno
772 1815 805 1868 de
817 1815 926 1883 jactura
942 1832 1024 1884 opum
1040 1815 1173 1884 accipere:
1192 1817 1273 1868 verba
1289 1814 1379 1884 potius
1392 1832 1424 1868 ea

371 1903 405 1940 ex
417 1886 637 1940 antecedentibus
654 1885 793 1938 sententiis
806 1893 834 1938 et
845 1885 932 1938 verbis
944 1885 1145 1954 interpretanda
1156 1892 1229 1938 sunt.
1267 1884 1424 1938 Nominavit

372 1957 464 2027 paullo
482 1963 545 2009 ante
561 1974 586 2010 r.
603 1961 661 2021 164,
682 1959 743 2009 oitoe
761 1957 879 2008 damna.-
898 1955 966 2008 dixit
983 1973 1063 2024 porro
1080 1973 1107 2009 v.
1125 1961 1183 2020 165,
1204 1962 1329 2009 naturam
1348 1970 1424 2008 suam

372 2035 466 2096 sponte
478 2035 507 2081 et
518 2029 586 2080 vitio
598 2044 646 2080 suo
663 2027 732 2080 solui
743 2043 798 2094 per
809 2025 902 2092 boras,
917 2026 944 2079 h.
958 2043 981 2079 e.
995 2027 1164 2079 decrementa
1179 2025 1297 2094 corporis
1310 2032 1338 2078 et
1350 2025 1422 2078 vale-

372 2097 503 2151 tudininis
516 2096 644 2150 continua
655 2095 720 2165 pati.
757 2095 830 2162 Jam,
846 2113 908 2149 cum
924 2095 1119 2150 medicamenta
1134 2096 1216 2149 etiam
1231 2095 1331 2148 frustra
1347 2095 1423 2149 adhi-

372 2169 495 2234 beantur,
506 2167 614 2236 snbjicit
626 2167 749 2237 deniqne,
760 2184 808 2236 per
822 2167 950 2219 continua
961 2166 1013 2220 ista
1024 2167 1194 2220 decrementa
1205 2166 1272 2232 fieri,
1284 2173 1316 2218 ut
1328 2165 1424 2235 quaeli·

372 2239 419 2293 bet
439 2238 506 2291 hora
527 2238 631 2290 damnis
651 2230 803 2307 istis,'quae
825 2235 926 2302 afferat,
951 2236 1053 2290 tristior
1072 2237 1128 2291 fiat.
1170 2236 1249 2290 Unde
1270 2236 1423 2302 lectionem,

373 2324 454 2377 quam
469 2308 580 2376 antiqua
593 2307 756 2361 Germanica
773 2307 935 2376 suppeditat,
950 2306 979 2359 in
995 2306 1089 2376 primis
1105 2309 1204 2377 probo:
1227 2309 1276 2360 Fit
1292 2309 1381 2374 muqis
1400 2315 1427 2360 et

373 2379 481 2430 domitis
501 2379 608 2430 tristior
625 2377 695 2430 horo
713 2378 991 2431 suis.——171.Norr
1007 2396 1091 2442 secus,
1106 2374 1173 2444 ete]
1195 2376 1368 2446 Comparatio
1384 2384 1426 2430 est

373 2464 436 2501 cum
449 2447 543 2516 opifice
555 2446 599 2499 vel
610 2445 694 2512 fabro,
709 2447 756 2516 qui
770 2447 907 2500 ruinosam
922 2447 1031 2500 domum
1047 2447 1142 2501 fulcire
1157 2447 1253 2500 nititur
1269 2450 1385 2500 diversis
1398 2454 1426 2500 et

373 2525 469 2573 contra
481 2517 575 2587 positis
588 2517 719 2586 objicibus
730 2517 773 2570 rel
790 2518 919 2571 trabibus.
957 2517 1019 2570 Pari
1035 2519 1127 2588 phrasi
1143 2518 1230 2571 utitur
1247 2517 1326 2571 Ovid.
1341 2517 1425 2572 Trist.

373 2588 391 2642 l.
405 2595 432 2654 5,
446 2594 476 2642 5:
498 2590 537 2641 Te
550 2606 619 2653 mco,
630 2590 772 2656 supposito
785 2589 868 2641 veluti
880 2587 968 2653 truite,
974 2589 1054 2658 fulto
1067 2592 1148 2642 ruina
1161 2593 1342 2642 est—176.
1352 2589 1425 2642 Dis-

373 2661 503 2713 simulare
523 2656 611 2726 licet]
637 2675 757 2728 premere
776 2659 866 2711 animo
884 2666 912 2711 et
931 2666 1022 2728 tegere
1041 2659 1175 2712 laetiorum
1193 2675 1292 2723 rerum,
1313 2665 1343 2710 ut
1362 2665 1427 2711 sunt

373 2729 535 2798 spectacula,
557 2747 617 2782 usu.
660 2729 704 2782 Sic
726 2729 866 2797 usurpavit
884 2728 964 2782 Ovid.
986 2728 1067 2782 Trist.
1087 2729 1125 2783 iii.
1148 2733 1171 2794 1,
1192 2735 1225 2782 6:
1245 2730 1305 2782 Nec
1324 2730 1427 2782 domiui

365 2799 486 2870 fortuna
503 2801 556 2851 ruci
572 2807 620 2864 est,
634 2807 665 2852 ut
681 2799 778 2851 debeat
794 2800 869 2850 illam
883 2799 986 2869 Iusclir
1002 2801 1066 2852 ullis
1086 2801 1260 2852 dissimulare
1269 2800 1426 2868 jocis-

377 2873 434 2923 177.
455 2871 548 2937 Turpe
562 2872 620 2922 seni
632 2870 720 2922 uultus
732 2865 840 2935 nitidi]
861 2868 939 2921 Licet
950 2869 1020 2922 viros
1036 2868 1172 2922 interdum
1190 2869 1252 2922 fuco
1269 2887 1331 2922 usos
1343 2869 1427 2922 fuisso

373 2957 428 2993 non
447 2957 552 3009 negem,
567 2939 611 2993 hic
629 2946 720 2992 tamen
738 2940 796 3008 ejus
815 2939 980 2992 mentionem
997 2957 1069 3010 aegre
1086 2957 1236 3010 concoquo:
1257 2940 1326 2992 forte
1338 2941 1427 2994 cultus

373 3012 464 3064 nitidi.
484 3028 547 3062 nam
565 3009 707 3080 scriptores
725 3010 830 3063 cultum
848 3017 1002 3080 vestemque
1020 3013 1183 3080 conjungere
1201 3011 1296 3064 solent.
1334 3009 1427 3080 Nepos

374 3081 454 3136 Paus.
468 3099 491 3134 o.
506 3087 531 3145 3,
547 3082 646 3135 cultam
663 3083 857 3150 vestitumqaer
878 3080 936 3136 Cio.
951 3081 983 3134 de
996 3080 1084 3135 Amic.
1099 3079 1119 3152 l.
1134 3087 1177 3147 49,
1192 3084 1288 3134 vestitu
1301 3081 1427 3150 cultuque

409 3236 463 3280 163.
480 3233 534 3279 Noa
552 3233 602 3279 Vere.
617 3249 636 3278 s.
652 3249 688 3292 pr.
703 3249 732 3278 m.
747 3249 793 3278 uec.
806 3231 842 3280 ed.
860 3232 943 3280 Pulm.
960 3232 998 3280 Pi.
1017 3233 1048 3280 0.
1087 3235 1142 3281 Non
1159 3235 1209 3281 Vere.
1224 3250 1270 3280 111111
1283 3240 1353 3294 prata
1369 3233 1428 3278 mitt

374 3303 429 3342 sant
442 3295 473 3342 V.
492 3296 522 3342 R.
541 3297 585 3343 Gr.
602 3296 631 3342 L.
650 3297 681 3342 G.
700 3295 800 3357 reliquae
817 3297 905 3358 legunt
935 3299 984 3344 Nec
1006 3299 1057 3344 Van.
1072 3307 1127 3345 aaut
1139 3316 1175 3359 pr.
1189 3316 1218 3345 111
1231 3315 1271 3344 nec
1285 3315 1313 3344 ne
1328 3300 1358 3344 B.
1372 3296 1425 3343 Wi-

375 3358 466 3405 tholius
476 3375 500 3420 p.
515 3364 570 3406 315.
586 3359 680 3405 mavult
696 3359 777 3420 legere
796 3362 850 3407 Non
864 3363 953 3408 Cereris
963 3369 1018 3408 sant
1029 3370 1099 3423 proto
1110 3365 1175 3419 milti,
1188 3362 1246 3425 quia
1257 3363 1349 3409 mentio
1364 3361 1426 3408 Bec-

375 3421 416 3472 obi
427 3437 454 3470 ac
468 3423 563 3472 Cereris
575 3439 624 3470 uno
642 3421 776 3486 eodemque
792 3424 846 3471 loco
862 3433 899 3472 est
915 3425 1047 3486 aptissima,
1059 3435 1083 3473 et
1100 3427 1158 3489 quia
1174 3435 1259 3475 auctor
1275 3426 1314 3474 hic
1332 3442 1381 3473 non
1397 3425 1428 3472 de

376 3503 423 3536 usu
435 3487 575 3550 voluptatis,
590 3488 631 3536 sed
648 3487 678 3535 de
695 3487 749 3535 cibo
766 3497 876 3553 potuque
892 3488 1011 3553 loquitur,
1029 3499 1057 3538 ut
1073 3491 1233 3552 praecedemin
1250 3491 1424 3539 demonstrant.

378 3557 432 3602 166.
452 3555 565 3616 Carpitur
581 3556 634 3616 ipso
650 3570 697 3600 meo
716 3553 746 3602 G.
764 3555 834 3602 male.
873 3557 926 3603 167.
943 3557 997 3602 Non
1011 3564 1088 3618 potas,
1100 3573 1149 3618 erp.
1164 3555 1231 3603 dedit
1248 3555 1305 3603 edit.
1323 3555 1423 3615 Bipont.

376 3633 433 3666 cum
445 3617 571 3666 nonnullis
581 3619 642 3666 aliis.
662 3617 704 3666 sed
716 3619 802 3667 melior
817 3619 882 3667 haud
894 3619 968 3667 dubie
979 3620 1058 3668 lectio.
1076 3623 1130 3668 Nou
1142 3623 1207 3668 toties
1218 3629 1313 3682 experto
1323 3622 1381 3666 miti
1391 3627 1428 3666 est

376 3681 402 3730 in
422 3684 451 3731 L.
474 3685 517 3731 Gr.
536 3685 566 3731 G.
588 3684 626 3731 Pi.
644 3684 675 3731 0.
697 3685 746 3730 Nec
762 3687 827 3732 toties
845 3685 901 3733 Pul.
949 3688 1000 3734 170.
1018 3687 1059 3732 Fit
1075 3687 1148 3747 major
1163 3702 1192 3732 ex
1208 3688 1315 3746 dampnis
1329 3686 1359 3732 G.
1373 3700 1427 3745 per-

376 3762 467 3808 peram.
487 3749 528 3796 Fit
544 3751 618 3808 moyis
634 3756 655 3794 et
671 3751 762 3795 1611111111
779 3749 879 3810 Bipont.
894 3764 951 3796 curn
966 3749 1012 3796 Pu.
1031 3749 1068 3797 Pi.
1087 3751 1118 3797 Ο.
1139 3766 1167 3796 erc
1179 3752 1270 3796 damnis
1283 3750 1314 3797 V.
1332 3750 1375 3796 Gr.
1394 3749 1425 3795 G.

377 3814 468 3859 tristior
483 3829 543 3859 urna
560 3814 615 3858 meis
631 3812 752 3873 pleraeque
769 3813 880 3873 v'ulgatae.
904 3830 964 3860 urna
981 3816 1030 3860 suis
1049 3815 1079 3861 V.
1098 3815 1128 3861 R.
1149 3816 1238 3861 tristior
1254 3831 1296 3861 ora
1311 3816 1368 3869 suis,
1386 3811 1428 3860 ad-

377 3875 468 3936 scripto
484 3878 499 3922 71
515 3880 550 3937 τῷ
565 3893 614 3931 orn,
629 3877 661 3923 G.
681 3879 771 3923 tristior
792 3880 841 3924 vita
857 3894 907 3924 meo
921 3878 950 3924 L.
971 3880 1062 3925 tristior
1077 3881 1129 3940 ipsa
1146 3881 1201 3925 areis
1219 3878 1265 3926 Pu.
1295 3877 1429 3924 Withofius

376 3954 400 4003 p.
415 3945 471 3988 316.
485 3940 599 3988 emendat
612 3943 654 3989 Fit
669 3943 742 4001 mapis
756 3949 777 3988 et
792 3944 884 3988 1111111111
892 3944 961 4003 justo
976 3945 1067 4003 querela
1083 3946 1145 3998 111111,
1158 3942 1318 3989 audacissima
1334 3947 1428 4002 conjec-

375 4011 438 4050 ture.
472 4005 590 4052 Rationes
609 4009 661 4064 ejus
678 4005 726 4052 vid.
746 4005 771 4052 in
789 4013 838 4054 not.
878 4009 930 4055 171.
948 4009 1017 4054 Nunc
1033 4023 1096 4054 secus
1118 4007 1217 4067 Bipont.
1239 4007 1321 4054 nescio
1339 4007 1430 4069 quibus

375 4068 547 4126 preeuntibus.
568 4069 609 4116 sed
625 4085 716 4125 ornnes,
728 4085 835 4132 quorum
850 4071 911 4117 mihi
927 4070 1014 4119 notitia
1029 4080 1072 4127 est,
1086 4073 1141 4118 Nor
1156 4088 1226 4127 secus,
1238 4079 1263 4119 et
1276 4074 1352 4118 Haud
1366 4087 1430 4118 secas

378 4131 408 4178 L.
451 4134 504 4180 174.
524 4135 629 4180 subleuat
644 4136 717 4181 ancil.
734 4135 763 4181 L.
779 4135 849 4183 male.
889 4139 941 4184 176.
958 4137 1032 4182 Nulla
1045 4137 1133 4197 juvant
1149 4136 1186 4184 vel
1204 4138 1279 4184 leuant
1297 4137 1328 4183 V.
1372 4139 1426 4185 177.

380 4197 459 4242 Cultus
471 4199 543 4242 nitidi
554 4199 606 4245 vult
620 4198 792 4246 Ommerenus.
808 4199 855 4246 vid.
871 4207 921 4247 not.
942 4201 1017 4246 vultus
1029 4201 1118 4247 nitidus
1129 4203 1240 4262 vestisque
1251 4203 1334 4246 decoro
1347 4200 1376 4247 L.
