<?xml version="1.0" encoding="UTF-8"?>
<!DOCTYPE html PUBLIC "-//W3C//DTD XHTML 1.0 Transitional//EN"
    "http://www.w3.org/TR/xhtml1/DTD/xhtml1-transitional.dtd">
<html xmlns="http://www.w3.org/1999/xhtml" xml:lang="en" lang="en">
 <head>
  <title>
</title>
<meta http-equiv="Content-Type" content="text/html;charset=utf-8" />
  <meta name='ocr-system' content='tesseract 3.04.00' />
  <meta name='ocr-capabilities' content='ocr_page ocr_carea ocr_par ocr_line ocrx_word'/>
</head>
<body>
  <div class='ocr_page' id='page_1' title='image "./elegiaesexexrec00gilegoog_0015.png"; bbox 0 0 3228 4982; ppageno 0'>
   <div class='ocr_carea' id='block_1_1' title="bbox 372 435 1221 513">
    <p class='ocr_par' dir='ltr' id='par_1_1' title="bbox 372 435 1221 513">
     <span class='ocr_line' id='line_1_1' title="bbox 372 435 1221 513; baseline 0.006 -15"><span class='ocrx_word' id='word_1_1' title='bbox 372 443 394 498; x_wconf 82' lang='lat'>4</span> <span class='ocrx_word' id='word_1_2' title='bbox 586 435 639 498; x_wconf 85' lang='lat' dir='ltr'><strong>Du</strong></span> <span class='ocrx_word' id='word_1_3' title='bbox 658 435 803 498; x_wconf 79' lang='lat' dir='ltr'><strong>Nouius</strong></span> <span class='ocrx_word' id='word_1_4' title='bbox 822 437 993 500; x_wconf 75' lang='lat' dir='ltr'><strong>Coausau</strong></span> <span class='ocrx_word' id='word_1_5' title='bbox 1012 439 1133 513; x_wconf 72' lang='lat' dir='ltr'><strong>Gauri,</strong></span> <span class='ocrx_word' id='word_1_6' title='bbox 1151 459 1221 503; x_wconf 82' lang='lat' dir='ltr'><strong>ure.</strong></span> 
     </span>
    </p>
   </div>
   <div class='ocr_carea' id='block_1_2' title="bbox 371 584 1428 906">
    <p class='ocr_par' dir='ltr' id='par_1_2' title="bbox 371 584 1428 906">
     <span class='ocr_line' id='line_1_2' title="bbox 371 584 1426 676; baseline 0.006 -28"><span class='ocrx_word' id='word_1_7' title='bbox 371 585 533 671; x_wconf 85' lang='lat' dir='ltr'><strong>pretaudo.</strong></span> <span class='ocrx_word' id='word_1_8' title='bbox 579 584 784 649; x_wconf 88' lang='lat' dir='ltr'><strong>Luculentior</strong></span> <span class='ocrx_word' id='word_1_9' title='bbox 798 585 928 672; x_wconf 88' lang='lat' dir='ltr'><strong>quidem</strong></span> <span class='ocrx_word' id='word_1_10' title='bbox 943 586 1020 650; x_wconf 88' lang='lat' dir='ltr'><strong>ratio</strong></span> <span class='ocrx_word' id='word_1_11' title='bbox 1035 588 1134 651; x_wconf 90' lang='lat' dir='ltr'><strong>videri</strong></span> <span class='ocrx_word' id='word_1_12' title='bbox 1149 611 1188 651; x_wconf 89' lang='lat' dir='ltr'><strong>ea</strong></span> <span class='ocrx_word' id='word_1_13' title='bbox 1202 600 1313 673; x_wconf 90' lang='lat' dir='ltr'><strong>potest,</strong></span> <span class='ocrx_word' id='word_1_14' title='bbox 1330 612 1426 676; x_wconf 87' lang='lat' dir='ltr'><strong>quarn</strong></span> 
     </span>
     <span class='ocr_line' id='line_1_3' title="bbox 374 671 1427 760; baseline 0.005 -25"><span class='ocrx_word' id='word_1_15' title='bbox 374 672 414 735; x_wconf 87' lang='lat' dir='ltr'><strong>ab</strong></span> <span class='ocrx_word' id='word_1_16' title='bbox 435 682 582 756; x_wconf 87' lang='lat' dir='ltr'><strong>usurpato</strong></span> <span class='ocrx_word' id='word_1_17' title='bbox 602 671 717 756; x_wconf 86' lang='lat' dir='ltr'><strong>puellae</strong></span> <span class='ocrx_word' id='word_1_18' title='bbox 740 671 901 758; x_wconf 89' lang='lat' dir='ltr'><strong>Lycoridis</strong></span> <span class='ocrx_word' id='word_1_19' title='bbox 924 673 1062 748; x_wconf 92' lang='lat' dir='ltr'><strong>nomine,</strong></span> <span class='ocrx_word' id='word_1_20' title='bbox 1084 697 1123 736; x_wconf 91' lang='lat' dir='ltr'><strong>ex</strong></span> <span class='ocrx_word' id='word_1_21' title='bbox 1149 674 1261 758; x_wconf 89' lang='lat' dir='ltr'><strong>Elegia</strong></span> <span class='ocrx_word' id='word_1_22' title='bbox 1282 675 1317 738; x_wconf 93' lang='lat' dir='ltr'><strong>II</strong></span> <span class='ocrx_word' id='word_1_23' title='bbox 1336 677 1427 760; x_wconf 89' lang='lat' dir='ltr'><strong>petit,</strong></span> 
     </span>
     <span class='ocr_line' id='line_1_4' title="bbox 374 756 1428 906; baseline 0.003 -85"><span class='ocrx_word' id='word_1_24' title='bbox 374 780 438 906; x_wconf 84' lang='lat' dir='ltr'><strong>quo</strong></span> <span class='ocrx_word' id='word_1_25' title='bbox 457 758 515 821; x_wconf 91' lang='lat' dir='ltr'><strong>sub</strong></span> <span class='ocrx_word' id='word_1_26' title='bbox 533 757 660 820; x_wconf 89' lang='lat' dir='ltr'><strong>nomine</strong></span> <span class='ocrx_word' id='word_1_27' title='bbox 678 757 772 820; x_wconf 89' lang='lat' dir='ltr'><strong>Corn.</strong></span> <span class='ocrx_word' id='word_1_28' title='bbox 790 756 900 820; x_wconf 84' lang='lat' dir='ltr'><strong>Gallus</strong></span> <span class='ocrx_word' id='word_1_29' title='bbox 917 758 1121 843; x_wconf 86' lang='lat' dir='ltr'>Cytheridem</span> <span class='ocrx_word' id='word_1_30' title='bbox 1143 764 1264 824; x_wconf 72' lang='lat' dir='ltr'><strong>amasse</strong></span> <span class='ocrx_word' id='word_1_31' title='bbox 1287 772 1320 824; x_wconf 91' lang='lat' dir='ltr'><strong>et</strong></span> <span class='ocrx_word' id='word_1_32' title='bbox 1341 762 1428 826; x_wconf 91' lang='lat' dir='ltr'><strong>libris</strong></span> 
     </span>
    </p>
   </div>
   <div class='ocr_carea' id='block_1_3' title="bbox 376 842 1432 1868">
    <p class='ocr_par' dir='ltr' id='par_1_3' title="bbox 376 842 1432 1868">
     <span class='ocr_line' id='line_1_5' title="bbox 396 842 1430 931; baseline 0.006 -27"><span class='ocrx_word' id='word_1_33' title='bbox 396 843 426 904; x_wconf 93' lang='lat' dir='ltr'>V</span> <span class='ocrx_word' id='word_1_34' title='bbox 450 843 605 906; x_wconf 87' lang='lat' dir='ltr'><strong>Amorum</strong></span> <span class='ocrx_word' id='word_1_35' title='bbox 633 842 806 906; x_wconf 72' lang='lat' dir='ltr'><strong>celebrasse</strong></span> <span class='ocrx_word' id='word_1_36' title='bbox 829 842 996 907; x_wconf 87' lang='lat' dir='ltr'><strong>ferebatur.</strong></span> <span class='ocrx_word' id='word_1_37' title='bbox 1049 845 1113 908; x_wconf 86' lang='lat' dir='ltr'><strong>Sed</strong></span> <span class='ocrx_word' id='word_1_38' title='bbox 1139 868 1242 931; x_wconf 91' lang='lat' dir='ltr'><strong>neque</strong></span> <span class='ocrx_word' id='word_1_39' title='bbox 1269 847 1335 909; x_wconf 91' lang='lat' dir='ltr'><strong>sola</strong></span> <span class='ocrx_word' id='word_1_40' title='bbox 1359 848 1430 912; x_wconf 78' lang='lat' dir='ltr'><strong>hacc</strong></span> 
     </span>
     <span class='ocr_line' id='line_1_6' title="bbox 377 927 1429 1012; baseline 0.006 -22"><span class='ocrx_word' id='word_1_41' title='bbox 377 927 504 1012; x_wconf 84' lang='lat' dir='ltr'><strong>Lycoris</strong></span> <span class='ocrx_word' id='word_1_42' title='bbox 526 938 582 1003; x_wconf 89' lang='lat' dir='ltr'><strong>est,</strong></span> <span class='ocrx_word' id='word_1_43' title='bbox 607 929 694 1012; x_wconf 89' lang='lat' dir='ltr'><strong>cujus</strong></span> <span class='ocrx_word' id='word_1_44' title='bbox 720 950 841 992; x_wconf 90' lang='lat' dir='ltr'><strong>amores</strong></span> <span class='ocrx_word' id='word_1_45' title='bbox 865 928 1079 992; x_wconf 84' lang='lat' dir='ltr'><strong>Maximianus</strong></span> <span class='ocrx_word' id='word_1_46' title='bbox 1101 931 1206 1005; x_wconf 87' lang='lat' dir='ltr'><strong>deflet,</strong></span> <span class='ocrx_word' id='word_1_47' title='bbox 1230 955 1290 995; x_wconf 92' lang='lat' dir='ltr'><strong>nec</strong></span> <span class='ocrx_word' id='word_1_48' title='bbox 1311 955 1429 996; x_wconf 91' lang='lat' dir='ltr'><strong>nornen</strong></span> 
     </span>
     <span class='ocr_line' id='line_1_7' title="bbox 376 1012 1430 1099; baseline 0.004 -23"><span class='ocrx_word' id='word_1_49' title='bbox 376 1012 464 1088; x_wconf 83' lang='lat' dir='ltr'><strong>illud,</strong></span> <span class='ocrx_word' id='word_1_50' title='bbox 485 1035 505 1078; x_wconf 90' lang='lat' dir='ltr'><strong>a</strong></span> <span class='ocrx_word' id='word_1_51' title='bbox 524 1013 665 1097; x_wconf 90' lang='lat' dir='ltr'><strong>pluribus</strong></span> <span class='ocrx_word' id='word_1_52' title='bbox 687 1014 786 1098; x_wconf 90' lang='lat' dir='ltr'><strong>poetis</strong></span> <span class='ocrx_word' id='word_1_53' title='bbox 808 1014 944 1099; x_wconf 86' lang='lat' dir='ltr'><strong>antiquis</strong></span> <span class='ocrx_word' id='word_1_54' title='bbox 966 1015 1152 1091; x_wconf 91' lang='lat' dir='ltr'><strong>adhibitum,</strong></span> <span class='ocrx_word' id='word_1_55' title='bbox 1169 1017 1211 1079; x_wconf 90' lang='lat' dir='ltr'><strong>ad</strong></span> <span class='ocrx_word' id='word_1_56' title='bbox 1231 1017 1332 1080; x_wconf 82' lang='lat' dir='ltr'><strong>solum</strong></span> <span class='ocrx_word' id='word_1_57' title='bbox 1351 1019 1430 1082; x_wconf 90' lang='lat' dir='ltr'><strong>Cor-</strong></span> 
     </span>
     <span class='ocr_line' id='line_1_8' title="bbox 376 1098 1430 1186; baseline 0.005 -25"><span class='ocrx_word' id='word_1_58' title='bbox 376 1098 496 1162; x_wconf 91' lang='lat' dir='ltr'><strong>nelium</strong></span> <span class='ocrx_word' id='word_1_59' title='bbox 516 1099 646 1163; x_wconf 88' lang='lat' dir='ltr'><strong>Gallum</strong></span> <span class='ocrx_word' id='word_1_60' title='bbox 669 1099 776 1163; x_wconf 88' lang='lat' dir='ltr'><strong>referri</strong></span> <span class='ocrx_word' id='word_1_61' title='bbox 798 1109 928 1183; x_wconf 88' lang='lat' dir='ltr'><strong>poterat.</strong></span> <span class='ocrx_word' id='word_1_62' title='bbox 974 1099 1017 1163; x_wconf 89' lang='lat' dir='ltr'><strong>Et</strong></span> <span class='ocrx_word' id='word_1_63' title='bbox 1037 1101 1091 1186; x_wconf 95' lang='lat' dir='ltr'><strong>qui</strong></span> <span class='ocrx_word' id='word_1_64' title='bbox 1112 1114 1306 1166; x_wconf 87' lang='lat' dir='ltr'><strong>senectutem</strong></span> <span class='ocrx_word' id='word_1_65' title='bbox 1327 1113 1430 1166; x_wconf 91' lang='lat' dir='ltr'><strong>extre-</strong></span> 
     </span>
     <span class='ocr_line' id='line_1_9' title="bbox 376 1184 1431 1272; baseline 0.003 -24"><span class='ocrx_word' id='word_1_66' title='bbox 376 1207 463 1248; x_wconf 91' lang='lat' dir='ltr'><strong>mam</strong></span> <span class='ocrx_word' id='word_1_67' title='bbox 485 1185 518 1248; x_wconf 95' lang='lat' dir='ltr'><strong>in</strong></span> <span class='ocrx_word' id='word_1_68' title='bbox 540 1207 646 1248; x_wconf 88' lang='lat' dir='ltr'><strong>amore</strong></span> <span class='ocrx_word' id='word_1_69' title='bbox 668 1184 790 1248; x_wconf 86' lang='lat' dir='ltr'><strong>lascivae</strong></span> <span class='ocrx_word' id='word_1_70' title='bbox 812 1185 927 1269; x_wconf 90' lang='lat' dir='ltr'><strong>puellae</strong></span> <span class='ocrx_word' id='word_1_71' title='bbox 949 1186 1103 1269; x_wconf 87' lang='lat' dir='ltr'><strong>perditam</strong></span> <span class='ocrx_word' id='word_1_72' title='bbox 1122 1187 1263 1272; x_wconf 91' lang='lat' dir='ltr'><strong>queritur</strong></span> <span class='ocrx_word' id='word_1_73' title='bbox 1279 1187 1431 1251; x_wconf 91' lang='lat' dir='ltr'><strong>Maximi-</strong></span> 
     </span>
     <span class='ocr_line' id='line_1_10' title="bbox 377 1269 1431 1358; baseline 0.003 -25"><span class='ocrx_word' id='word_1_74' title='bbox 377 1291 465 1344; x_wconf 89' lang='lat' dir='ltr'><strong>anus,</strong></span> <span class='ocrx_word' id='word_1_75' title='bbox 480 1270 612 1333; x_wconf 90' lang='lat' dir='ltr'><strong>minime</strong></span> <span class='ocrx_word' id='word_1_76' title='bbox 635 1269 853 1333; x_wconf 87' lang='lat' dir='ltr'><strong>convenientia</strong></span> <span class='ocrx_word' id='word_1_77' title='bbox 873 1271 1044 1334; x_wconf 90' lang='lat' dir='ltr'><strong>Amoribus</strong></span> <span class='ocrx_word' id='word_1_78' title='bbox 1066 1273 1204 1335; x_wconf 90' lang='lat' dir='ltr'><strong>Cornelii</strong></span> <span class='ocrx_word' id='word_1_79' title='bbox 1229 1272 1314 1337; x_wconf 89' lang='lat' dir='ltr'><strong>Galli</strong></span> <span class='ocrx_word' id='word_1_80' title='bbox 1334 1273 1431 1358; x_wconf 86' lang='lat' dir='ltr'><strong>scrip-</strong></span> 
     </span>
     <span class='ocr_line' id='line_1_11' title="bbox 377 1355 1432 1443; baseline 0.004 -25"><span class='ocrx_word' id='word_1_81' title='bbox 377 1355 450 1418; x_wconf 88' lang='lat' dir='ltr'><strong>sisse</strong></span> <span class='ocrx_word' id='word_1_82' title='bbox 466 1355 639 1418; x_wconf 89' lang='lat' dir='ltr'><strong>censendus</strong></span> <span class='ocrx_word' id='word_1_83' title='bbox 655 1365 710 1430; x_wconf 92' lang='lat' dir='ltr'><strong>est,</strong></span> <span class='ocrx_word' id='word_1_84' title='bbox 721 1355 776 1441; x_wconf 93' lang='lat' dir='ltr'><strong>qui</strong></span> <span class='ocrx_word' id='word_1_85' title='bbox 791 1366 985 1418; x_wconf 91' lang='lat' dir='ltr'><strong>senectutem</strong></span> <span class='ocrx_word' id='word_1_86' title='bbox 1000 1356 1170 1420; x_wconf 88' lang='lat' dir='ltr'><strong>invalidam</strong></span> <span class='ocrx_word' id='word_1_87' title='bbox 1185 1359 1270 1421; x_wconf 88' lang='lat' dir='ltr'><strong>haud</strong></span> <span class='ocrx_word' id='word_1_88' title='bbox 1285 1370 1432 1443; x_wconf 89' lang='lat' dir='ltr'><strong>expertus</strong></span> 
     </span>
     <span class='ocr_line' id='line_1_12' title="bbox 377 1439 1430 1529; baseline 0.003 -26"><span class='ocrx_word' id='word_1_89' title='bbox 377 1439 469 1504; x_wconf 91' lang='lat' dir='ltr'><strong>tertio</strong></span> <span class='ocrx_word' id='word_1_90' title='bbox 484 1450 517 1502; x_wconf 94' lang='lat' dir='ltr'><strong>et</strong></span> <span class='ocrx_word' id='word_1_91' title='bbox 531 1439 768 1526; x_wconf 89' lang='lat' dir='ltr'><strong>quadragesimo</strong></span> <span class='ocrx_word' id='word_1_92' title='bbox 789 1441 888 1504; x_wconf 77' lang='lat' dir='ltr'><strong>aetatis</strong></span> <span class='ocrx_word' id='word_1_93' title='bbox 906 1464 988 1505; x_wconf 93' lang='lat' dir='ltr'><strong>anno</strong></span> <span class='ocrx_word' id='word_1_94' title='bbox 1003 1443 1100 1506; x_wconf 90' lang='lat' dir='ltr'><strong>vitam</strong></span> <span class='ocrx_word' id='word_1_95' title='bbox 1115 1443 1224 1506; x_wconf 83' lang='lat' dir='ltr'><strong>finivit.</strong></span> <span class='ocrx_word' id='word_1_96' title='bbox 1271 1443 1345 1507; x_wconf 91' lang='lat' dir='ltr'><strong>Alia</strong></span> <span class='ocrx_word' id='word_1_97' title='bbox 1359 1466 1430 1529; x_wconf 91' lang='lat' dir='ltr'><strong>per-</strong></span> 
     </span>
     <span class='ocr_line' id='line_1_13' title="bbox 378 1524 1432 1613; baseline 0.006 -26"><span class='ocrx_word' id='word_1_98' title='bbox 378 1524 471 1589; x_wconf 81' lang='lat' dir='ltr'><strong>vertit</strong></span> <span class='ocrx_word' id='word_1_99' title='bbox 500 1535 533 1588; x_wconf 94' lang='lat' dir='ltr'><strong>et</strong></span> <span class='ocrx_word' id='word_1_100' title='bbox 558 1535 683 1610; x_wconf 85' lang='lat' dir='ltr'><strong>torquet</strong></span> <span class='ocrx_word' id='word_1_101' title='bbox 710 1525 875 1602; x_wconf 89' lang='lat' dir='ltr'><strong>Gauricus,</strong></span> <span class='ocrx_word' id='word_1_102' title='bbox 902 1537 938 1589; x_wconf 91' lang='lat' dir='ltr'><strong>ut</strong></span> <span class='ocrx_word' id='word_1_103' title='bbox 969 1527 1062 1591; x_wconf 89' lang='lat' dir='ltr'><strong>Corn.</strong></span> <span class='ocrx_word' id='word_1_104' title='bbox 1089 1528 1219 1592; x_wconf 89' lang='lat' dir='ltr'><strong>Gallum</strong></span> <span class='ocrx_word' id='word_1_105' title='bbox 1245 1551 1285 1592; x_wconf 93' lang='lat' dir='ltr'><strong>ex</strong></span> <span class='ocrx_word' id='word_1_106' title='bbox 1312 1529 1432 1613; x_wconf 87' lang='lat' dir='ltr'><strong>Elegiis</strong></span> 
     </span>
     <span class='ocr_line' id='line_1_14' title="bbox 379 1610 1432 1696; baseline 0.004 -23"><span class='ocrx_word' id='word_1_107' title='bbox 379 1610 539 1675; x_wconf 84' lang='lat' dir='ltr'><strong>extundat.</strong></span> <span class='ocrx_word' id='word_1_108' title='bbox 582 1611 751 1675; x_wconf 86' lang='lat' dir='ltr'><strong>Etruscum</strong></span> <span class='ocrx_word' id='word_1_109' title='bbox 767 1633 875 1674; x_wconf 87' lang='lat' dir='ltr'><strong>aarum</strong></span> <span class='ocrx_word' id='word_1_110' title='bbox 890 1623 1050 1676; x_wconf 86' lang='lat' dir='ltr'><strong>auctorem</strong></span> <span class='ocrx_word' id='word_1_111' title='bbox 1066 1614 1205 1696; x_wconf 85' lang='lat' dir='ltr'><strong>agnoscit</strong></span> <span class='ocrx_word' id='word_1_112' title='bbox 1220 1637 1259 1677; x_wconf 92' lang='lat' dir='ltr'><strong>ex</strong></span> <span class='ocrx_word' id='word_1_113' title='bbox 1275 1614 1325 1678; x_wconf 87' lang='lat' dir='ltr'><strong>El.</strong></span> <span class='ocrx_word' id='word_1_114' title='bbox 1339 1615 1365 1690; x_wconf 93' lang='lat' dir='ltr'><strong>I,</strong></span> <span class='ocrx_word' id='word_1_115' title='bbox 1379 1621 1432 1677; x_wconf 88' lang='lat'><strong>59.</strong></span> 
     </span>
     <span class='ocr_line' id='line_1_15' title="bbox 380 1696 1431 1783; baseline 0.005 -25"><span class='ocrx_word' id='word_1_116' title='bbox 380 1697 420 1771; x_wconf 88' lang='lat' dir='ltr'><strong>V,</strong></span> <span class='ocrx_word' id='word_1_117' title='bbox 442 1701 472 1771; x_wconf 82' lang='lat'><strong>5,</strong></span> <span class='ocrx_word' id='word_1_118' title='bbox 494 1696 568 1760; x_wconf 89' lang='lat' dir='ltr'><strong>licet</strong></span> <span class='ocrx_word' id='word_1_119' title='bbox 590 1696 772 1760; x_wconf 89' lang='lat' dir='ltr'><strong>Cornelium</strong></span> <span class='ocrx_word' id='word_1_120' title='bbox 796 1696 926 1760; x_wconf 90' lang='lat' dir='ltr'><strong>Gallum</strong></span> <span class='ocrx_word' id='word_1_121' title='bbox 949 1710 1043 1782; x_wconf 90' lang='lat' dir='ltr'><strong>gente</strong></span> <span class='ocrx_word' id='word_1_122' title='bbox 1068 1699 1315 1783; x_wconf 89' lang='lat' dir='ltr'><strong>Forojuliensem</strong></span> <span class='ocrx_word' id='word_1_123' title='bbox 1338 1699 1431 1764; x_wconf 90' lang='lat' dir='ltr'><strong>fuisse</strong></span> 
     </span>
     <span class='ocr_line' id='line_1_16' title="bbox 379 1781 1432 1868; baseline 0.005 -25"><span class='ocrx_word' id='word_1_124' title='bbox 379 1781 412 1844; x_wconf 93' lang='lat' dir='ltr'><strong>in</strong></span> <span class='ocrx_word' id='word_1_125' title='bbox 434 1781 586 1867; x_wconf 89' lang='lat' dir='ltr'><strong>principio</strong></span> <span class='ocrx_word' id='word_1_126' title='bbox 608 1782 751 1858; x_wconf 85' lang='lat' dir='ltr'><strong>fateatur,</strong></span> <span class='ocrx_word' id='word_1_127' title='bbox 773 1792 867 1868; x_wconf 90' lang='lat' dir='ltr'><strong>atque</strong></span> <span class='ocrx_word' id='word_1_128' title='bbox 890 1783 969 1846; x_wconf 92' lang='lat' dir='ltr'><strong>adeo</strong></span> <span class='ocrx_word' id='word_1_129' title='bbox 992 1806 1135 1867; x_wconf 91' lang='lat' dir='ltr'><strong>perverse</strong></span> <span class='ocrx_word' id='word_1_130' title='bbox 1161 1784 1279 1848; x_wconf 90' lang='lat' dir='ltr'><strong>Forum</strong></span> <span class='ocrx_word' id='word_1_131' title='bbox 1300 1785 1376 1848; x_wconf 93' lang='lat' dir='ltr'><strong>Julii</strong></span> <span class='ocrx_word' id='word_1_132' title='bbox 1398 1785 1432 1848; x_wconf 94' lang='lat' dir='ltr'><strong>in</strong></span> 
     </span>
    </p>
   </div>
   <div class='ocr_carea' id='block_1_4' title="bbox 381 1865 1433 2038">
    <p class='ocr_par' dir='ltr' id='par_1_4' title="bbox 381 1865 1433 2038">
     <span class='ocr_line' id='line_1_17' title="bbox 381 1865 1433 1956; baseline 0.005 -28"><span class='ocrx_word' id='word_1_133' title='bbox 381 1865 540 1930; x_wconf 89' lang='lat' dir='ltr'><strong>Etruriam</strong></span> <span class='ocrx_word' id='word_1_134' title='bbox 566 1867 700 1950; x_wconf 88' lang='lat' dir='ltr'><strong>migrare</strong></span> <span class='ocrx_word' id='word_1_135' title='bbox 727 1867 810 1931; x_wconf 84' lang='lat' dir='ltr'><strong>facit</strong></span> <span class='ocrx_word' id='word_1_136' title='bbox 865 1867 1023 1953; x_wconf 83' lang='lat' dir='ltr'><strong>Legatum</strong></span> <span class='ocrx_word' id='word_1_137' title='bbox 1051 1869 1192 1956; x_wconf 80' lang='lat' dir='ltr'><strong>AEgypto</strong></span> <span class='ocrx_word' id='word_1_138' title='bbox 1217 1871 1388 1955; x_wconf 82' lang='lat' dir='ltr'><strong>praefuisse,</strong></span> <span class='ocrx_word' id='word_1_139' title='bbox 1414 1894 1433 1933; x_wconf 89' lang='lat' dir='ltr'><strong>e</strong></span> 
     </span>
     <span class='ocr_line' id='line_1_18' title="bbox 381 1949 888 2038; baseline 0.002 -24"><span class='ocrx_word' id='word_1_140' title='bbox 381 1973 471 2015; x_wconf 89' lang='lat' dir='ltr'><strong>versu</strong></span> <span class='ocrx_word' id='word_1_141' title='bbox 490 1956 504 2014; x_wconf 96' lang='lat' dir='ltr'><strong>l</strong></span> <span class='ocrx_word' id='word_1_142' title='bbox 524 1949 645 2035; x_wconf 82' lang='lat' dir='ltr'><strong>Elegiae</strong></span> <span class='ocrx_word' id='word_1_143' title='bbox 661 1953 701 2016; x_wconf 89' lang='lat' dir='ltr'><strong>V.</strong></span> <span class='ocrx_word' id='word_1_144' title='bbox 718 1951 888 2038; x_wconf 87' lang='lat' dir='ltr'><strong>exsculpit:</strong></span> 
     </span>
    </p>
   </div>
   <div class='ocr_carea' id='block_1_5' title="bbox 468 2080 1165 2166">
    <p class='ocr_par' dir='ltr' id='par_1_5' title="bbox 468 2080 1165 2166">
     <span class='ocr_line' id='line_1_19' title="bbox 468 2080 1165 2166; baseline 0.001 -22"><span class='ocrx_word' id='word_1_145' title='bbox 468 2080 595 2144; x_wconf 80' lang='lat' dir='ltr'><strong>Missua</strong></span> <span class='ocrx_word' id='word_1_146' title='bbox 611 2081 657 2143; x_wconf 83' lang='lat' dir='ltr'><strong>od</strong></span> <span class='ocrx_word' id='word_1_147' title='bbox 669 2080 763 2144; x_wconf 81' lang='lat' dir='ltr'><strong>ans</strong></span> <span class='ocrx_word' id='word_1_148' title='bbox 779 2080 882 2166; x_wconf 82' lang='lat' dir='ltr'><strong>legati</strong></span> <span class='ocrx_word' id='word_1_149' title='bbox 897 2103 1025 2144; x_wconf 84' lang='lat' dir='ltr'><strong>munere</strong></span> <span class='ocrx_word' id='word_1_150' title='bbox 1033 2091 1165 2166; x_wconf 80' lang='lat' dir='ltr'><strong>partes,</strong></span> 
     </span>
    </p>
   </div>
   <div class='ocr_carea' id='block_1_6' title="bbox 380 2205 1477 3660">
    <p class='ocr_par' dir='ltr' id='par_1_6' title="bbox 380 2205 1477 3660">
     <span class='ocr_line' id='line_1_20' title="bbox 381 2205 1435 2290; baseline 0.004 -22"><span class='ocrx_word' id='word_1_151' title='bbox 381 2206 437 2268; x_wconf 92' lang='lat' dir='ltr'><strong>sed</strong></span> <span class='ocrx_word' id='word_1_152' title='bbox 462 2205 580 2290; x_wconf 86' lang='lat' dir='ltr'><strong>duplici</strong></span> <span class='ocrx_word' id='word_1_153' title='bbox 610 2229 722 2281; x_wconf 87' lang='lat' dir='ltr'><strong>errore,</strong></span> <span class='ocrx_word' id='word_1_154' title='bbox 750 2206 800 2269; x_wconf 89' lang='lat' dir='ltr'><strong>vel</strong></span> <span class='ocrx_word' id='word_1_155' title='bbox 829 2206 938 2270; x_wconf 90' lang='lat' dir='ltr'><strong>fraude</strong></span> <span class='ocrx_word' id='word_1_156' title='bbox 968 2206 1080 2290; x_wconf 90' lang='lat' dir='ltr'><strong>potius.</strong></span> <span class='ocrx_word' id='word_1_157' title='bbox 1138 2207 1267 2270; x_wconf 83' lang='lat' dir='ltr'><strong>Etenim</strong></span> <span class='ocrx_word' id='word_1_158' title='bbox 1294 2208 1435 2273; x_wconf 85' lang='lat' dir='ltr'><strong>Orientis</strong></span> 
     </span>
     <span class='ocr_line' id='line_1_21' title="bbox 380 2291 1434 2378; baseline 0.004 -25"><span class='ocrx_word' id='word_1_159' title='bbox 380 2301 484 2375; x_wconf 86' lang='lat' dir='ltr'><strong>partes</strong></span> <span class='ocrx_word' id='word_1_160' title='bbox 506 2301 624 2354; x_wconf 90' lang='lat' dir='ltr'><strong>temere</strong></span> <span class='ocrx_word' id='word_1_161' title='bbox 647 2291 869 2375; x_wconf 89' lang='lat' dir='ltr'><strong>interpretatur</strong></span> <span class='ocrx_word' id='word_1_162' title='bbox 888 2293 928 2354; x_wconf 92' lang='lat' dir='ltr'><strong>de</strong></span> <span class='ocrx_word' id='word_1_163' title='bbox 949 2291 1099 2378; x_wconf 88' lang='lat' dir='ltr'><strong>AEgypto,</strong></span> <span class='ocrx_word' id='word_1_164' title='bbox 1119 2315 1217 2378; x_wconf 93' lang='lat' dir='ltr'><strong>quum</strong></span> <span class='ocrx_word' id='word_1_165' title='bbox 1240 2304 1361 2357; x_wconf 86' lang='lat' dir='ltr'><strong>certum</strong></span> <span class='ocrx_word' id='word_1_166' title='bbox 1384 2295 1434 2370; x_wconf 83' lang='lat' dir='ltr'><strong>sit,</strong></span> 
     </span>
     <span class='ocr_line' id='line_1_22' title="bbox 381 2375 1433 2464; baseline 0.005 -26"><span class='ocrx_word' id='word_1_167' title='bbox 381 2375 458 2439; x_wconf 89' lang='lat' dir='ltr'><strong>alias</strong></span> <span class='ocrx_word' id='word_1_168' title='bbox 471 2375 644 2459; x_wconf 82' lang='lat' dir='ltr'><strong>provincias</strong></span> <span class='ocrx_word' id='word_1_169' title='bbox 660 2375 798 2440; x_wconf 87' lang='lat' dir='ltr'><strong>Orientis</strong></span> <span class='ocrx_word' id='word_1_170' title='bbox 819 2377 945 2440; x_wconf 91' lang='lat' dir='ltr'><strong>nomine</strong></span> <span class='ocrx_word' id='word_1_171' title='bbox 970 2379 1012 2440; x_wconf 89' lang='lat' dir='ltr'><strong>ab</strong></span> <span class='ocrx_word' id='word_1_172' title='bbox 1034 2378 1170 2464; x_wconf 86' lang='lat' dir='ltr'><strong>antiquis</strong></span> <span class='ocrx_word' id='word_1_173' title='bbox 1190 2379 1305 2461; x_wconf 88' lang='lat' dir='ltr'><strong>signari</strong></span> <span class='ocrx_word' id='word_1_174' title='bbox 1325 2379 1433 2444; x_wconf 86' lang='lat' dir='ltr'><strong>solere.</strong></span> 
     </span>
     <span class='ocr_line' id='line_1_23' title="bbox 383 2461 1436 2548; baseline 0.004 -23"><span class='ocrx_word' id='word_1_175' title='bbox 383 2461 497 2545; x_wconf 85' lang='lat' dir='ltr'><strong>Legati</strong></span> <span class='ocrx_word' id='word_1_176' title='bbox 519 2461 717 2536; x_wconf 87' lang='lat' dir='ltr'><strong>vocabulum,</strong></span> <span class='ocrx_word' id='word_1_177' title='bbox 739 2484 802 2547; x_wconf 90' lang='lat' dir='ltr'><strong>quo</strong></span> <span class='ocrx_word' id='word_1_178' title='bbox 824 2461 1037 2526; x_wconf 90' lang='lat' dir='ltr'><strong>Maximianus</strong></span> <span class='ocrx_word' id='word_1_179' title='bbox 1057 2463 1165 2540; x_wconf 90' lang='lat' dir='ltr'><strong>utitur,</strong></span> <span class='ocrx_word' id='word_1_180' title='bbox 1181 2465 1214 2526; x_wconf 92' lang='lat' dir='ltr'><strong>in</strong></span> <span class='ocrx_word' id='word_1_181' title='bbox 1234 2465 1436 2548; x_wconf 88' lang='lat' dir='ltr'><strong>significatio-</strong></span> 
     </span>
     <span class='ocr_line' id='line_1_24' title="bbox 381 2547 1434 2633; baseline 0.004 -23"><span class='ocrx_word' id='word_1_182' title='bbox 381 2570 456 2610; x_wconf 92' lang='lat' dir='ltr'><strong>nem</strong></span> <span class='ocrx_word' id='word_1_183' title='bbox 468 2547 642 2633; x_wconf 88' lang='lat' dir='ltr'><strong>detorquet,</strong></span> <span class='ocrx_word' id='word_1_184' title='bbox 657 2570 752 2633; x_wconf 89' lang='lat' dir='ltr'><strong>quam</strong></span> <span class='ocrx_word' id='word_1_185' title='bbox 767 2547 939 2633; x_wconf 89' lang='lat' dir='ltr'><strong>antiquitus</strong></span> <span class='ocrx_word' id='word_1_186' title='bbox 953 2548 1073 2624; x_wconf 86' lang='lat' dir='ltr'><strong>habuit,</strong></span> <span class='ocrx_word' id='word_1_187' title='bbox 1085 2548 1277 2633; x_wconf 87' lang='lat' dir='ltr'><strong>Legatorum</strong></span> <span class='ocrx_word' id='word_1_188' title='bbox 1291 2550 1434 2628; x_wconf 87' lang='lat' dir='ltr'><strong>Caesaris,</strong></span> 
     </span>
     <span class='ocr_line' id='line_1_25' title="bbox 382 2632 1435 2732; baseline 0.003 -35"><span class='ocrx_word' id='word_1_189' title='bbox 382 2633 437 2732; x_wconf 92' lang='lat' dir='ltr'><strong>qui</strong></span> <span class='ocrx_word' id='word_1_190' title='bbox 457 2633 609 2696; x_wconf 91' lang='lat' dir='ltr'><strong>exercitus</strong></span> <span class='ocrx_word' id='word_1_191' title='bbox 630 2643 752 2716; x_wconf 89' lang='lat' dir='ltr'><strong>regunt,</strong></span> <span class='ocrx_word' id='word_1_192' title='bbox 768 2632 818 2696; x_wconf 90' lang='lat' dir='ltr'><strong>vel</strong></span> <span class='ocrx_word' id='word_1_193' title='bbox 838 2657 956 2709; x_wconf 89' lang='lat' dir='ltr'><strong>eorum,</strong></span> <span class='ocrx_word' id='word_1_194' title='bbox 974 2634 1028 2719; x_wconf 90' lang='lat' dir='ltr'><strong>qui</strong></span> <span class='ocrx_word' id='word_1_195' title='bbox 1049 2634 1291 2698; x_wconf 85' lang='lat' dir='ltr'><strong>Proconsulibus</strong></span> <span class='ocrx_word' id='word_1_196' title='bbox 1311 2636 1343 2698; x_wconf 95' lang='lat' dir='ltr'><strong>in</strong></span> <span class='ocrx_word' id='word_1_197' title='bbox 1364 2659 1435 2722; x_wconf 90' lang='lat' dir='ltr'><strong>pro-</strong></span> 
     </span>
     <span class='ocr_line' id='line_1_26' title="bbox 381 2717 1435 2806; baseline 0.003 -24"><span class='ocrx_word' id='word_1_198' title='bbox 381 2717 486 2782; x_wconf 81' lang='lat' dir='ltr'><strong>vrncia</strong></span> <span class='ocrx_word' id='word_1_199' title='bbox 499 2719 636 2800; x_wconf 90' lang='lat' dir='ltr'><strong>regenda</strong></span> <span class='ocrx_word' id='word_1_200' title='bbox 646 2718 761 2782; x_wconf 80' lang='lat' dir='ltr'><strong>vicaria</strong></span> <span class='ocrx_word' id='word_1_201' title='bbox 775 2729 928 2802; x_wconf 88' lang='lat' dir='ltr'><strong>potestate</strong></span> <span class='ocrx_word' id='word_1_202' title='bbox 944 2720 1083 2803; x_wconf 88' lang='lat' dir='ltr'><strong>adjuncti</strong></span> <span class='ocrx_word' id='word_1_203' title='bbox 1098 2733 1179 2784; x_wconf 87' lang='lat' dir='ltr'><strong>sunt.</strong></span> <span class='ocrx_word' id='word_1_204' title='bbox 1213 2721 1309 2794; x_wconf 83' lang='lat' dir='ltr'><strong>Quod</strong></span> <span class='ocrx_word' id='word_1_205' title='bbox 1322 2721 1435 2806; x_wconf 85' lang='lat' dir='ltr'><strong>Legati</strong></span> 
     </span>
     <span class='ocr_line' id='line_1_27' title="bbox 383 2803 1435 2902; baseline 0.005 -36"><span class='ocrx_word' id='word_1_206' title='bbox 383 2825 499 2866; x_wconf 83' lang='lat' dir='ltr'><strong>nornen</strong></span> <span class='ocrx_word' id='word_1_207' title='bbox 522 2825 564 2866; x_wconf 88' lang='lat' dir='ltr'><strong>ne</strong></span> <span class='ocrx_word' id='word_1_208' title='bbox 590 2803 664 2866; x_wconf 88' lang='lat' dir='ltr'><strong>olirn</strong></span> <span class='ocrx_word' id='word_1_209' title='bbox 688 2804 817 2902; x_wconf 90' lang='lat' dir='ltr'><strong>quidem</strong></span> <span class='ocrx_word' id='word_1_210' title='bbox 843 2805 989 2872; x_wconf 88' lang='lat' dir='ltr'><strong>Cornelio</strong></span> <span class='ocrx_word' id='word_1_211' title='bbox 1015 2805 1108 2869; x_wconf 89' lang='lat' dir='ltr'><strong>Gallo</strong></span> <span class='ocrx_word' id='word_1_212' title='bbox 1131 2806 1254 2891; x_wconf 88' lang='lat' dir='ltr'><strong>proprie</strong></span> <span class='ocrx_word' id='word_1_213' title='bbox 1279 2808 1435 2884; x_wconf 88' lang='lat' dir='ltr'><strong>convenit,</strong></span> 
     </span>
     <span class='ocr_line' id='line_1_28' title="bbox 383 2888 1436 2976; baseline 0.004 -24"><span class='ocrx_word' id='word_1_214' title='bbox 383 2888 639 2976; x_wconf 89' lang='lat' dir='ltr'><strong>quandoquidem</strong></span> <span class='ocrx_word' id='word_1_215' title='bbox 661 2912 779 2974; x_wconf 91' lang='lat' dir='ltr'><strong>pnmus</strong></span> <span class='ocrx_word' id='word_1_216' title='bbox 795 2891 835 2953; x_wconf 91' lang='lat' dir='ltr'><strong>ab</strong></span> <span class='ocrx_word' id='word_1_217' title='bbox 851 2892 995 2974; x_wconf 88' lang='lat' dir='ltr'><strong>Augusto</strong></span> <span class='ocrx_word' id='word_1_218' title='bbox 1010 2891 1052 2954; x_wconf 95' lang='lat' dir='ltr'><strong>ad</strong></span> <span class='ocrx_word' id='word_1_219' title='bbox 1066 2891 1242 2976; x_wconf 83' lang='lat' dir='ltr'><strong>AEgyptum</strong></span> <span class='ocrx_word' id='word_1_220' title='bbox 1265 2894 1436 2976; x_wconf 90' lang='lat' dir='ltr'><strong>regendam</strong></span> 
     </span>
     <span class='ocr_line' id='line_1_29' title="bbox 384 2975 1435 3060; baseline 0.003 -21"><span class='ocrx_word' id='word_1_221' title='bbox 384 2998 447 3040; x_wconf 94' lang='lat' dir='ltr'><strong>non</strong></span> <span class='ocrx_word' id='word_1_222' title='bbox 475 2976 597 3060; x_wconf 87' lang='lat' dir='ltr'><strong>Legati,</strong></span> <span class='ocrx_word' id='word_1_223' title='bbox 625 2976 681 3040; x_wconf 88' lang='lat' dir='ltr'><strong>sed</strong></span> <span class='ocrx_word' id='word_1_224' title='bbox 708 2975 853 3042; x_wconf 84' lang='lat' dir='ltr'><strong>Praefecti</strong></span> <span class='ocrx_word' id='word_1_225' title='bbox 879 2976 1059 3060; x_wconf 87' lang='lat' dir='ltr'><strong>Augustalis</strong></span> <span class='ocrx_word' id='word_1_226' title='bbox 1089 2977 1216 3040; x_wconf 89' lang='lat' dir='ltr'><strong>nomine</strong></span> <span class='ocrx_word' id='word_1_227' title='bbox 1242 2978 1353 3041; x_wconf 84' lang='lat' dir='ltr'><strong>missus</strong></span> <span class='ocrx_word' id='word_1_228' title='bbox 1379 2989 1435 3042; x_wconf 89' lang='lat' dir='ltr'><strong>est.</strong></span> 
     </span>
     <span class='ocr_line' id='line_1_30' title="bbox 385 3061 1438 3149; baseline 0.004 -25"><span class='ocrx_word' id='word_1_229' title='bbox 385 3061 524 3145; x_wconf 88' lang='lat' dir='ltr'><strong>Legatus</strong></span> <span class='ocrx_word' id='word_1_230' title='bbox 552 3062 748 3126; x_wconf 88' lang='lat' dir='ltr'><strong>Maximiano</strong></span> <span class='ocrx_word' id='word_1_231' title='bbox 775 3062 956 3147; x_wconf 88' lang='lat' dir='ltr'><strong>simpliciter</strong></span> <span class='ocrx_word' id='word_1_232' title='bbox 982 3074 1038 3138; x_wconf 89' lang='lat' dir='ltr'><strong>est,</strong></span> <span class='ocrx_word' id='word_1_233' title='bbox 1064 3063 1118 3149; x_wconf 90' lang='lat' dir='ltr'><strong>qui</strong></span> <span class='ocrx_word' id='word_1_234' title='bbox 1144 3064 1316 3127; x_wconf 88' lang='lat' dir='ltr'><strong>recentiore</strong></span> <span class='ocrx_word' id='word_1_235' title='bbox 1343 3075 1438 3128; x_wconf 82' lang='lat' dir='ltr'><strong>aetate</strong></span> 
     </span>
     <span class='ocr_line' id='line_1_31' title="bbox 387 3147 1477 3234; baseline 0.005 -26"><span class='ocrx_word' id='word_1_236' title='bbox 387 3147 504 3208; x_wconf 88' lang='lat' dir='ltr'><strong>Missus</strong></span> <span class='ocrx_word' id='word_1_237' title='bbox 526 3147 698 3220; x_wconf 86' lang='lat' dir='ltr'><strong>dicebatur,</strong></span> <span class='ocrx_word' id='word_1_238' title='bbox 720 3148 774 3231; x_wconf 92' lang='lat' dir='ltr'><strong>qui</strong></span> <span class='ocrx_word' id='word_1_239' title='bbox 797 3149 946 3210; x_wconf 90' lang='lat' dir='ltr'><strong>mandata</strong></span> <span class='ocrx_word' id='word_1_240' title='bbox 970 3148 1122 3232; x_wconf 88' lang='lat' dir='ltr'><strong>Principis</strong></span> <span class='ocrx_word' id='word_1_241' title='bbox 1146 3149 1262 3234; x_wconf 86' lang='lat' dir='ltr'><strong>perfert</strong></span> <span class='ocrx_word' id='word_1_242' title='bbox 1285 3149 1327 3213; x_wconf 95' lang='lat' dir='ltr'><strong>ad</strong></span> <span class='ocrx_word' id='word_1_243' title='bbox 1349 3150 1435 3226; x_wconf 72' lang='lat' dir='ltr'><strong>alim,</strong></span> <span class='ocrx_word' id='word_1_244' title='bbox 1475 3196 1477 3200; x_wconf 90' lang='lat'>-</span> 
     </span>
     <span class='ocr_line' id='line_1_32' title="bbox 384 3230 1439 3316; baseline 0.004 -22"><span class='ocrx_word' id='word_1_245' title='bbox 384 3230 435 3294; x_wconf 90' lang='lat' dir='ltr'><strong>vel</strong></span> <span class='ocrx_word' id='word_1_246' title='bbox 450 3231 491 3293; x_wconf 92' lang='lat' dir='ltr'><strong>ad</strong></span> <span class='ocrx_word' id='word_1_247' title='bbox 506 3230 705 3316; x_wconf 89' lang='lat' dir='ltr'><strong>exsequenda</strong></span> <span class='ocrx_word' id='word_1_248' title='bbox 724 3231 851 3314; x_wconf 91' lang='lat' dir='ltr'><strong>negotia</strong></span> <span class='ocrx_word' id='word_1_249' title='bbox 867 3231 1039 3315; x_wconf 87' lang='lat' dir='ltr'><strong>ablegatur.</strong></span> <span class='ocrx_word' id='word_1_250' title='bbox 1086 3233 1288 3298; x_wconf 83' lang='lat' dir='ltr'><strong>Praeterimus</strong></span> <span class='ocrx_word' id='word_1_251' title='bbox 1308 3235 1369 3298; x_wconf 89' lang='lat' dir='ltr'><strong>alia</strong></span> <span class='ocrx_word' id='word_1_252' title='bbox 1388 3259 1439 3299; x_wconf 90' lang='lat' dir='ltr'><strong>ar-</strong></span> 
     </span>
     <span class='ocr_line' id='line_1_33' title="bbox 384 3315 1438 3406; baseline 0.007 -29"><span class='ocrx_word' id='word_1_253' title='bbox 384 3327 537 3399; x_wconf 88' lang='lat' dir='ltr'><strong>gumenta</strong></span> <span class='ocrx_word' id='word_1_254' title='bbox 550 3315 666 3378; x_wconf 89' lang='lat' dir='ltr'><strong>fraudis</strong></span> <span class='ocrx_word' id='word_1_255' title='bbox 682 3315 714 3378; x_wconf 93' lang='lat' dir='ltr'><strong>in</strong></span> <span class='ocrx_word' id='word_1_256' title='bbox 730 3315 867 3379; x_wconf 89' lang='lat' dir='ltr'><strong>oratione</strong></span> <span class='ocrx_word' id='word_1_257' title='bbox 885 3317 1014 3380; x_wconf 88' lang='lat' dir='ltr'><strong>Gaurici</strong></span> <span class='ocrx_word' id='word_1_258' title='bbox 1029 3319 1230 3396; x_wconf 89' lang='lat' dir='ltr'><strong>observanda,</strong></span> <span class='ocrx_word' id='word_1_259' title='bbox 1245 3321 1359 3406; x_wconf 91' lang='lat' dir='ltr'><strong>quibus</strong></span> <span class='ocrx_word' id='word_1_260' title='bbox 1373 3344 1438 3384; x_wconf 93' lang='lat' dir='ltr'><strong>non</strong></span> 
     </span>
     <span class='ocr_line' id='line_1_34' title="bbox 386 3399 1439 3482; baseline 0.005 -17"><span class='ocrx_word' id='word_1_261' title='bbox 386 3412 551 3465; x_wconf 88' lang='lat' dir='ltr'><strong>contentus</strong></span> <span class='ocrx_word' id='word_1_262' title='bbox 574 3399 629 3463; x_wconf 90' lang='lat' dir='ltr'><strong>ille</strong></span> <span class='ocrx_word' id='word_1_263' title='bbox 651 3401 796 3464; x_wconf 92' lang='lat' dir='ltr'><strong>sustinuit</strong></span> <span class='ocrx_word' id='word_1_264' title='bbox 819 3403 914 3466; x_wconf 83' lang='lat' dir='ltr'><strong>etiarn</strong></span> <span class='ocrx_word' id='word_1_265' title='bbox 938 3403 1081 3467; x_wconf 89' lang='lat' dir='ltr'><strong>fraudem</strong></span> <span class='ocrx_word' id='word_1_266' title='bbox 1105 3406 1187 3469; x_wconf 87' lang='lat' dir='ltr'><strong>furto</strong></span> <span class='ocrx_word' id='word_1_267' title='bbox 1211 3406 1382 3482; x_wconf 88' lang='lat' dir='ltr'><strong>cumulare,</strong></span> <span class='ocrx_word' id='word_1_268' title='bbox 1406 3419 1439 3471; x_wconf 89' lang='lat' dir='ltr'><strong>et</strong></span> 
     </span>
     <span class='ocr_line' id='line_1_35' title="bbox 386 3485 1441 3574; baseline 0.007 -25"><span class='ocrx_word' id='word_1_269' title='bbox 386 3487 544 3571; x_wconf 87' lang='lat' dir='ltr'><strong>integrum</strong></span> <span class='ocrx_word' id='word_1_270' title='bbox 559 3485 721 3563; x_wconf 91' lang='lat' dir='ltr'><strong>distichon,</strong></span> <span class='ocrx_word' id='word_1_271' title='bbox 736 3510 799 3574; x_wconf 95' lang='lat' dir='ltr'><strong>quo</strong></span> <span class='ocrx_word' id='word_1_272' title='bbox 813 3510 929 3552; x_wconf 90' lang='lat' dir='ltr'><strong>nomen</strong></span> <span class='ocrx_word' id='word_1_273' title='bbox 944 3489 1077 3554; x_wconf 91' lang='lat' dir='ltr'><strong>auctoris</strong></span> <span class='ocrx_word' id='word_1_274' title='bbox 1095 3491 1282 3555; x_wconf 87' lang='lat' dir='ltr'><strong>Maximiani</strong></span> <span class='ocrx_word' id='word_1_275' title='bbox 1298 3493 1441 3556; x_wconf 89' lang='lat' dir='ltr'><strong>contine-</strong></span> 
     </span>
     <span class='ocr_line' id='line_1_36' title="bbox 387 3573 1305 3660; baseline 0.003 -23"><span class='ocrx_word' id='word_1_276' title='bbox 387 3582 447 3649; x_wconf 90' lang='lat' dir='ltr'><strong>tur,</strong></span> <span class='ocrx_word' id='word_1_277' title='bbox 464 3596 481 3636; x_wconf 93' lang='lat' dir='ltr'><strong>e</strong></span> <span class='ocrx_word' id='word_1_278' title='bbox 497 3583 586 3638; x_wconf 91' lang='lat' dir='ltr'><strong>textu</strong></span> <span class='ocrx_word' id='word_1_279' title='bbox 601 3573 718 3650; x_wconf 89' lang='lat' dir='ltr'><strong>tollere,</strong></span> <span class='ocrx_word' id='word_1_280' title='bbox 735 3574 821 3660; x_wconf 94' lang='lat' dir='ltr'><strong>quod</strong></span> <span class='ocrx_word' id='word_1_281' title='bbox 835 3574 950 3658; x_wconf 89' lang='lat' dir='ltr'><strong>legitur</strong></span> <span class='ocrx_word' id='word_1_282' title='bbox 966 3575 1055 3660; x_wconf 88' lang='lat' dir='ltr'><strong>Eleg.</strong></span> <span class='ocrx_word' id='word_1_283' title='bbox 1073 3577 1131 3653; x_wconf 93' lang='lat' dir='ltr'><strong>IV,</strong></span> <span class='ocrx_word' id='word_1_284' title='bbox 1146 3583 1201 3640; x_wconf 68' lang='lat'><strong>25.</strong></span> <span class='ocrx_word' id='word_1_285' title='bbox 1303 3575 1305 3578; x_wconf 67' lang='grc'><strong>’</strong></span> 
     </span>
    </p>
   </div>
   <div class='ocr_carea' id='block_1_7' title="bbox 431 3693 1323 3854">
    <p class='ocr_par' dir='ltr' id='par_1_7' title="bbox 431 3693 1323 3854">
     <span class='ocr_line' id='line_1_37' title="bbox 431 3693 1323 3782; baseline 0.007 -27"><span class='ocrx_word' id='word_1_286' title='bbox 431 3693 541 3777; x_wconf 80' lang='lat' dir='ltr'><strong>Atque</strong></span> <span class='ocrx_word' id='word_1_287' title='bbox 555 3694 686 3777; x_wconf 77' lang='lat' dir='ltr'><strong>aliquis.</strong></span> <span class='ocrx_word' id='word_1_288' title='bbox 704 3695 756 3756; x_wconf 79' lang='lat' dir='ltr'><strong>cui</strong></span> <span class='ocrx_word' id='word_1_289' title='bbox 772 3695 962 3775; x_wconf 83' lang='lat' dir='ltr'><strong>coecaforet</strong></span> <span class='ocrx_word' id='word_1_290' title='bbox 978 3697 1055 3760; x_wconf 84' lang='lat' dir='ltr'><strong>bene</strong></span> <span class='ocrx_word' id='word_1_291' title='bbox 1070 3706 1146 3761; x_wconf 78' lang='lat' dir='ltr'><strong>noto</strong></span> <span class='ocrx_word' id='word_1_292' title='bbox 1163 3698 1323 3782; x_wconf 79' lang='lat' dir='ltr'><strong>voluptas,</strong></span> 
     </span>
     <span class='ocr_line' id='line_1_38' title="bbox 478 3779 1163 3854; baseline 0.006 -14"><span class='ocrx_word' id='word_1_293' title='bbox 478 3779 609 3854; x_wconf 71' lang='lat' dir='ltr'><strong>Cantor,</strong></span> <span class='ocrx_word' id='word_1_294' title='bbox 626 3787 808 3840; x_wconf 81' lang='lat' dir='ltr'><strong>cantantem</strong></span> <span class='ocrx_word' id='word_1_295' title='bbox 823 3779 1050 3844; x_wconf 77' lang='lat' dir='ltr'><strong>Maximianus</strong></span> <span class='ocrx_word' id='word_1_296' title='bbox 1065 3791 1163 3844; x_wconf 81' lang='lat' dir='ltr'><strong>amat.</strong></span> 
     </span>
    </p>
   </div>
   <div class='ocr_carea' id='block_1_8' title="bbox 388 3906 1438 4003">
    <p class='ocr_par' dir='ltr' id='par_1_8' title="bbox 388 3906 1438 4003">
     <span class='ocr_line' id='line_1_39' title="bbox 388 3906 1438 4003; baseline 0.007 -29"><span class='ocrx_word' id='word_1_297' title='bbox 388 3909 449 3975; x_wconf 85' lang='lat' dir='ltr'><strong>His</strong></span> <span class='ocrx_word' id='word_1_298' title='bbox 463 3919 571 3973; x_wconf 85' lang='lat' dir='ltr'><strong>tamen</strong></span> <span class='ocrx_word' id='word_1_299' title='bbox 586 3906 714 3972; x_wconf 87' lang='lat' dir='ltr'><strong>fallaciis</strong></span> <span class='ocrx_word' id='word_1_300' title='bbox 730 3908 791 3971; x_wconf 90' lang='lat' dir='ltr'><strong>suis</strong></span> <span class='ocrx_word' id='word_1_301' title='bbox 804 3909 959 3974; x_wconf 87' lang='lat' dir='ltr'><strong>Gauricus</strong></span> <span class='ocrx_word' id='word_1_302' title='bbox 974 3911 1018 3974; x_wconf 89' lang='lat' dir='ltr'><strong>ita</strong></span> <span class='ocrx_word' id='word_1_303' title='bbox 1032 3912 1154 3996; x_wconf 88' lang='lat' dir='ltr'><strong>gavisus</strong></span> <span class='ocrx_word' id='word_1_304' title='bbox 1170 3915 1366 4003; x_wconf 91' lang='lat' dir='ltr'><strong>confisusque</strong></span> <span class='ocrx_word' id='word_1_305' title='bbox 1382 3929 1438 3993; x_wconf 88' lang='lat' dir='ltr'><strong>est,</strong></span> 
     </span>
    </p>
   </div>
   <div class='ocr_carea' id='block_1_9' title="bbox 386 3993 1442 4168">
    <p class='ocr_par' dir='ltr' id='par_1_9' title="bbox 386 3993 1442 4168">
     <span class='ocr_line' id='line_1_40' title="bbox 386 3993 1442 4082; baseline 0.006 -22"><span class='ocrx_word' id='word_1_306' title='bbox 386 3995 469 4060; x_wconf 92' lang='lat' dir='ltr'><strong>utin</strong></span> <span class='ocrx_word' id='word_1_307' title='bbox 485 3994 625 4078; x_wconf 89' lang='lat' dir='ltr'><strong>subjecto</strong></span> <span class='ocrx_word' id='word_1_308' title='bbox 642 3993 790 4077; x_wconf 82' lang='lat' dir='ltr'><strong>Elegiaco</strong></span> <span class='ocrx_word' id='word_1_309' title='bbox 805 3994 931 4062; x_wconf 91' lang='lat' dir='ltr'><strong>sibimet</strong></span> <span class='ocrx_word' id='word_1_310' title='bbox 945 3996 1013 4082; x_wconf 90' lang='lat' dir='ltr'><strong>ipsi,</strong></span> <span class='ocrx_word' id='word_1_311' title='bbox 1026 4009 1059 4062; x_wconf 92' lang='lat' dir='ltr'><strong>et</strong></span> <span class='ocrx_word' id='word_1_312' title='bbox 1071 3998 1164 4063; x_wconf 89' lang='lat' dir='ltr'><strong>Gallo</strong></span> <span class='ocrx_word' id='word_1_313' title='bbox 1180 4023 1235 4064; x_wconf 90' lang='lat' dir='ltr'><strong>suo</strong></span> <span class='ocrx_word' id='word_1_314' title='bbox 1251 4001 1291 4066; x_wconf 92' lang='lat' dir='ltr'><strong>de</strong></span> <span class='ocrx_word' id='word_1_315' title='bbox 1306 4002 1442 4067; x_wconf 91' lang='lat' dir='ltr'><strong>inventis</strong></span> 
     </span>
     <span class='ocr_line' id='line_1_41' title="bbox 387 4079 890 4168; baseline -0.002 -24"><span class='ocrx_word' id='word_1_316' title='bbox 387 4082 455 4168; x_wconf 86' lang='lat' dir='ltr'><strong>ejus</strong></span> <span class='ocrx_word' id='word_1_317' title='bbox 469 4079 650 4163; x_wconf 85' lang='lat' dir='ltr'><strong>fragmentis</strong></span> <span class='ocrx_word' id='word_1_318' title='bbox 665 4079 890 4163; x_wconf 87' lang='lat' dir='ltr'><strong>gratularetur:</strong></span> 
     </span>
    </p>
   </div>
   <div class='ocr_carea' id='block_1_10' title="bbox 0 0 1639 4982">
    <p class='ocr_par' dir='ltr' id='par_1_10' title="bbox 0 0 1639 4982">
     <span class='ocr_line' id='line_1_42' title="bbox 0 0 1639 4982; baseline 0 0"><span class='ocrx_word' id='word_1_319' title='bbox 0 0 1639 4982; x_wconf 95' lang='lat' dir='ltr'><strong> </strong></span> 
     </span>
    </p>
   </div>
  </div>
 </body>
</html>
