3228 4982
382 479 426 538 48
721 470 925 534 Mnxrmmnr
949 470 1098 535 Enaorm.

384 623 478 687 Hanc
493 644 551 706 ego
566 622 731 686 saltantem
747 623 851 687 subito
867 633 1026 708 correptus
1041 622 1153 697 amavi,

427 724 470 789 Et
484 725 578 810 coepti
593 724 705 788 tacitus
719 725 851 789 vulnera
865 735 954 808 grata
968 724 1043 810 pati.

384 825 436 890 Sic
451 847 503 889 me
518 826 647 891 diversis
661 837 796 890 tractum
813 827 852 890 de
867 826 1018 912 partibuS,
1035 849 1099 890 una

426 929 586 1014 Carpebat
599 927 690 993 variis
705 927 837 1014 pulchra
850 927 957 1013 puella
970 928 1081 992 modis.

385 1030 517 1114 Singula
531 1031 596 1094 visa
610 1031 708 1095 semel
723 1053 847 1116 semper
861 1053 1036 1095 memorare
1052 1030 1180 1103 libebat,

428 1131 666 1219 Haerebantque
681 1132 787 1196 animo
802 1142 894 1196 nocte
909 1132 1024 1219 dieque
1039 1153 1120 1195 mee.

385 1221 478 1318 Sae'pe
493 1234 579 1298 velut
593 1234 667 1298 visae
682 1233 814 1298 laetabar
828 1233 965 1318 imagine
980 1235 1100 1310 formae,

428 1335 471 1399 Et
484 1336 593 1420 procul
608 1336 745 1400 absentis
759 1359 835 1400 voce
850 1359 1011 1422 manuque
1026 1335 1096 1399 frui.

385 1437 478 1521 Saepe
493 1437 580 1501 velut
593 1460 730 1523 praesens
745 1437 849 1512 fuerit,
864 1460 991 1501 mecum
1006 1437 1072 1523 ipse
1088 1437 1249 1522 loquebar,

427 1538 605 1603 Cantabam
620 1538 737 1616 dalcae,
754 1562 831 1626 quos
846 1539 925 1603 solet
939 1539 1002 1617 illa,
1018 1539 1137 1603 modos.

383 1640 415 1705 Ο
430 1641 551 1727 quoties
566 1641 706 1718 demens,
722 1642 844 1729 quoties
859 1642 926 1706 sine
941 1652 1048 1706 mente
1063 1641 1207 1728 putabar,

427 1743 507 1820 Nec,
522 1755 610 1830 puto,
626 1742 784 1822 fallebam,
800 1768 864 1809 non
878 1745 961 1809 bene
977 1767 1069 1808 sanus
1084 1766 1180 1808 eram.

383 1845 492 1931 Atque
507 1846 629 1933 aliquia,
646 1847 697 1910 cui
713 1869 800 1911 coeca
814 1847 894 1911 foret
908 1847 990 1911 bene
1005 1857 1081 1911 nota
1094 1846 1245 1931 voluptas,

428 1947 553 2022 Cantat,
569 1956 749 2012 cantantem
767 1947 981 2012 Maximianus
995 1958 1090 2013 amat.

384 2049 479 2113 Certe
495 2049 621 2113 difficile
637 2059 684 2113 est
698 2050 889 2114 abscondere
905 2049 1037 2134 pectoris
1052 2060 1156 2123 restas,

428 2151 583 2216 Panditur
597 2162 630 2215 et
644 2151 750 2216 clauso
764 2151 877 2237 saepius
892 2173 945 2216 ore
961 2151 1055 2215 furor.

384 2251 470 2316 Nam
485 2252 588 2316 subito
602 2253 746 2316 inficiens
760 2253 883 2317 vultum
898 2253 1070 2339 pallorque,
1086 2251 1253 2337 ruborque,

427 2353 591 2417 Interdum
607 2363 701 2419 certae
716 2354 799 2418 vocis
814 2354 952 2418 habebat
967 2341 1053 2439 opus.

384 2454 454 2518 Nec
468 2455 572 2519 minus
586 2455 654 2541 ipsa
667 2477 755 2520 meas
769 2454 945 2540 prodebant
959 2454 1081 2518 somnia
1096 2476 1196 2529 curas,

430 2558 559 2623 Somnia
573 2558 685 2622 secreti
699 2580 763 2622 non
777 2558 860 2622 bene
875 2557 940 2621 fida
953 2557 1027 2622 mei.

385 2659 469 2723 Nam
485 2682 558 2724 curn
574 2660 687 2746 sopitos
702 2670 883 2745 premerent
897 2660 1013 2724 oblivia
1026 2659 1144 2737 sensus,

429 2760 579 2824 Confessa
593 2771 640 2824 est
654 2761 774 2824 lacinus
790 2761 914 2824 conscia
928 2760 1036 2844 lingua
1050 2782 1151 2823 suum.

385 2862 539 2938 Candida,
556 2862 741 2938 clamabam,
756 2859 909 2947 propera!
932 2883 988 2925 cur
1004 2860 1149 2927 Candida
1163 2858 1287 2924 cessas?

428 2966 502 3031 Nox
516 2965 592 3043 abit,
608 2976 641 3029 et
655 2965 745 3031 furtis
759 2965 814 3030 lux
828 2965 956 3029 inimica
969 2963 1065 3029 venit

385 3068 551 3132 Proximus
565 3078 598 3132 at
611 3068 735 3151 genitor
748 3090 801 3132 me
815 3078 885 3132 tum
899 3067 1065 3131 comitatus
1079 3075 1193 3131 amatae

428 3168 566 3253 Virginis
580 3156 714 3232 herbosa
727 3168 807 3231 forte
817 3169 946 3252 jacebat
960 3167 1066 3230 humo.

384 3269 473 3333 Illius
487 3270 529 3332 ad
542 3290 659 3332 nomen
674 3249 815 3332 turbinos
830 3268 946 3331 excitat
959 3278 1062 3330 artus:

427 3369 549 3447 Exsilit,
565 3381 598 3434 et
611 3381 719 3434 natam
735 3355 834 3434 credit
848 3369 956 3434 adesse
971 3389 1069 3432 suam.

383 3472 502 3537 Omnia
517 3472 709 3550 collustrans,
725 3483 791 3538 toto
805 3495 858 3536 me
872 3483 1000 3558 pectore
1015 3491 1160 3535 somnum

429 3575 583 3663 Prospicit
596 3575 766 3669 efflantem,
783 3597 843 3640 nec
856 3574 1037 3640 meminisse
1052 3572 1125 3638 mei.

384 3678 477 3743 Vana
490 3677 605 3764 putas?
626 3702 667 3746 an
682 3701 756 3744 vera
770 3700 861 3763 sopor
875 3677 1011 3742 ludibria
1020 3675 1144 3761 jactat?

429 3780 472 3845 Et
486 3791 518 3845 te
533 3803 633 3857 venas,
650 3782 702 3857 ait,
719 3780 852 3865 pectoris
867 3779 959 3842 ardor
972 3777 1093 3843 habet?

385 3883 489 3947 Credo
504 3883 652 3970 equidem
667 3891 803 3947 assuetas
818 3882 924 3946 animo
939 3903 1079 3946 remeare
1094 3879 1219 3964 figuras,

429 3983 472 4046 Et
486 3985 581 4052 fallax
595 3985 734 4050 studium
749 3985 830 4051 ludit
844 3985 949 4070 imago
963 3996 1063 4050 tuum.

386 4085 456 4148 Stat
469 4095 577 4150 tamen
593 4089 751 4164 attonitus,
766 4089 981 4174 perplexaque
996 4106 1159 4151 murmura
1174 4093 1287 4170 captat,
