3228 4982
350 430 373 487 8
628 413 733 484 AErns
748 441 790 484 ar
806 421 899 484 Aona
919 419 1125 484 Mxxmnxm

351 572 547 648 adduximus,
557 573 739 658 suspicatur,
752 583 856 636 ortum
871 571 1033 658 altumque
1049 593 1116 635 esse
1131 571 1164 634 in
1175 570 1302 634 Tusciae
1321 572 1405 636 Sub-

306 655 316 688 ἶ
351 660 511 729 urbicanae
553 681 594 722 uo
616 659 680 722 iam
699 658 824 743 oppido,
841 657 951 722 'liberi
968 658 1142 742 adjacente,
1158 668 1236 742 puta
1259 657 1404 722 Hortana

353 744 493 809 Colonia.
565 681 615 807 ed
625 744 684 809 hoc
703 743 856 806 indicium
876 741 1047 806 admodum
1067 754 1163 806 tenue
1181 754 1238 818 est,
1254 742 1340 806 idem
1362 765 1404 806 ue

351 851 456 893 versus
470 831 602 915 probare
619 839 731 914 potest,
747 829 889 900 ¹Romam
911 828 1004 892 fuisse
1026 828 1246 892 adolescentiae
1268 767 1404 912 ejustlo-

353 938 435 990 cum,
457 915 543 1002 quod
564 915 675 978 clarius
698 914 832 978 affirmat
850 936 956 978 versus
979 919 1030 989 63,
1053 914 1228 999 praesertim
1250 935 1350 999 quum
1372 924 1405 977 et

353 1000 467 1064 caussis
482 1001 515 1063 in
530 1000 596 1064 foro
614 1001 743 1084 agendis
762 1009 795 1063 et
814 999 1011 1084 poematibus
1030 999 1205 1084 pangendis
1223 1021 1350 1084 operam
1371 1021 1405 1061 se

353 1086 475 1149 dedisse
498 1086 632 1151 affinnet
656 1085 745 1168 Eleg.
766 1085 786 1147 i.
805 1091 836 1160 9,
855 1107 889 1148 se
912 1131 919 1147 .
941 1094 974 1148 et
996 1089 1067 1160 129,
1091 1085 1176 1170 quod
1201 1085 1313 1148 Romoe
1328 1084 1405 1146 'fieri

353 1172 493 1236 sollenne
508 1183 584 1235 erat.
616 1171 695 1234 Inde
706 1171 839 1234 honores
853 1107 995 1254 publicos
1009 1170 1137 1253 gessisse
1148 1169 1282 1244 videtur,
1295 1191 1408 1256 quam-

354 1280 449 1344 quam
470 1280 579 1320 eorum
601 1257 716 1320 diserta
737 1255 857 1318 mentio
878 1276 942 1318 non
964 1256 1009 1318 fit.
1057 1256 1122 1318 Sed
1141 1277 1214 1318 cum
1238 1254 1359 1338 Elegiae
1375 1254 1407 1316 V

353 1342 505 1428 principio
519 1352 683 1416 memorat,
698 1341 828 1404 missum
844 1362 876 1402 se
891 1340 1060 1426 aliquando
1075 1341 1107 1403 in
1128 1341 1294 1405 Orientem
1311 1340 1406 1422 legati

354 1449 486 1492 munere
512 1427 656 1490 functum
679 1449 755 1501 esse,
803 1426 857 1488 uin
883 1448 921 1489 eo
944 1436 1084 1510 tempore
1106 1427 1175 1510 jam
1199 1425 1351 1509 dignitate
1376 1437 1409 1488 et

354 1512 524 1576 honoribus
546 1512 632 1575 domi
651 1511 745 1594 gestis
767 1449 893 1574 illustris
915 1510 1018 1586 fuerit,
1040 1512 1177 1575 dubitari
1199 1511 1318 1598 nequit.
1365 1511 1408 1574 Et

356 1609 456 1662 exstat
490 1597 523 1661 in
559 1597 733 1661 Cassiodori
764 1596 930 1660 Variarum
960 1596 1040 1660 libro
1069 1597 1089 1660 i.
1122 1596 1264 1682 Epistola
1293 1596 1358 1660 xxi.
1389 1619 1408 1659 a

357 1683 555 1748 Theoderico
575 1683 664 1766 Rege
684 1683 861 1747 Gothorum
879 1682 920 1746 ad
941 1681 1174 1746 Maximianum
1194 1683 1276 1756 data,
1296 1704 1359 1767 qua
1379 1682 1409 1744 ei

287 1763 293 1770 ¹
356 1769 517 1834 ratiocinia
531 1769 720 1833 fabricarum
736 1768 821 1831 urbis
842 1768 954 1833 Romae
973 1778 1006 1830 et
1025 1790 1190 1851 operarum
1210 1767 1408 1852 publicarum

358 1879 377 1918 a
394 1855 483 1938 Rege
500 1855 769 1928 commendantur,
787 1863 819 1916 et
837 1855 925 1937 cujus
943 1852 1101 1938 inscriptio
1116 1853 1185 1918 haec
1200 1863 1266 1916 est:
1292 1852 1410 1915 Turro·

359 1961 504 2004 oomcus
522 1939 599 2002 Rsx
616 1939 830 2002 Maximiano
846 1939 886 2000 V.
904 1939 992 2001 ILL.
1009 1960 1051 2000 Er
1067 1939 1224 2002 Axonam
1241 1939 1280 2000 V.
1303 1938 1410 2000 Sunn-

358 2027 465 2088 ron1⁷.
499 2025 590 2088 Idem
603 2023 817 2088 Maximianus
831 2034 1023 2088 memoratur
1038 2035 1070 2086 et
1085 2025 1154 2086 Viri
1171 2024 1303 2088 illustris
1318 2022 1410 2086 titulo

358 2109 525 2196 insignitur
553 2111 624 2175 libri
647 2110 687 2174 iv.
718 2109 849 2196 epistola
874 2109 953 2172 xxii.
1007 2110 1156 2173 Severino
1184 2109 1307 2185 Boario,
1333 2109 1412 2171 Viro

361 2197 535 2272 Consulem,
554 2195 748 2260 familiariter
770 2219 861 2260 usum
884 2218 960 2270 esse,
984 2195 1109 2260 existis
1133 2194 1254 2279 Elegiae
1276 2195 1319 2257 iii.
1342 2216 1412 2258 ver·

359 2282 444 2346 sibus
458 2282 575 2367 liquet:

446 2417 517 2480 Hic
531 2416 609 2480 rnilti
623 2437 813 2502 magnaram
829 2424 992 2479 scrutator
1007 2416 1147 2479 manime
1162 2438 1279 2492 rernm,

493 2503 599 2578 Salas,
617 2502 748 2574 Boleti,
759 2502 839 2584 sers
853 2501 1025 2564 miseratus
1040 2523 1141 2585 opem.

447 2585 538 2652 Nam
553 2609 622 2650 cnm
636 2609 684 2649 nte
696 2587 783 2649 caris
798 2585 950 2648 intentam
965 2606 1053 2668 saepe
1068 2587 1207 2662 rideres,

491 2672 566 2735 Nec
575 2691 693 2755 posses
708 2693 856 2734 cariosam
871 2692 1003 2735 noscere
1015 2671 1172 2748 tristitiae,

454 2757 593 2821 Tandem
604 2755 821 2840 prospicient,
840 2755 900 2817 tali
914 2778 963 2818 rne
971 2765 1068 2839 peste
1084 2756 1195 2832 teneri,

492 2840 632 2905 Milibas
647 2840 802 2926 alloquiis
813 2840 962 2925 pandere
977 2841 1089 2902 clansa
1095 2839 1205 2924 jabes.

398 3037 408 3074 ⁷
424 3033 469 3088 Sic
481 3034 574 3087 retulit
585 3033 657 3086 hunc
673 3032 783 3085 titulum
800 3031 868 3086 Gol·
906 3032 1012 3084 dastum
1023 3038 1116 3084 contra
1125 3031 1243 3086 defendit
1253 3033 1295 3086 vel
1304 3041 1414 3087 excusat

364 3104 455 3156 dastus
463 3104 491 3155 in
504 3103 578 3171 praef.
588 3104 622 3154 ad
630 3102 708 3154 Ovid.
720 3101 795 3153 Erot.
818 3101 872 3152 Sed
907 3101 1085 3166 Fontaninus,
1106 3119 1132 3170 p.
1151 3107 1195 3167 55,
1213 3109 1293 3173 atque
1311 3112 1412 3170 mouet,

363 3174 392 3225 in
413 3172 478 3239 ipsis
500 3171 629 3238 exemplis
643 3169 805 3222 tassiodori
823 3185 870 3220 ex·
907 3187 970 3221 eum
994 3177 1071 3222 notas
1096 3172 1306 3240 compendiarias
1327 3173 1361 3227 V.
1384 3173 1412 3227 S.

365 3248 423 3294 tant
436 3246 542 3293 tantum
554 3239 651 3291 litterae
664 3238 699 3292 V.
715 3238 742 3290 S.
759 3238 792 3290 de
809 3237 869 3306 qui·
906 3238 1017 3292 minime
1037 3241 1200 3308 exposuisse,
1224 3242 1271 3295 sed
1291 3243 1415 3296 retulisse

364 3313 416 3363 bus
432 3308 574 3362 Reinesius
591 3308 668 3376 epist.
682 3312 725 3360 81.
743 3307 777 3359 ad
792 3307 869 3359 Dau-
907 3309 988 3362 verba
1011 3309 1117 3378 integra
1144 3310 1305 3378 cassiodori,
1333 3330 1415 3381 penes

365 3379 450 3432 mium
480 3383 558 3443 ‚207,
571 3376 732 3432 Goldastum
742 3377 870 3442 refutans,
909 3395 988 3448 quem
1001 3387 1122 3447 prostant
1134 3381 1203 3434 bene
1217 3382 1303 3434 multa
1319 3383 1414 3450 hujus·

366 3450 421 3502 ait:
471 3448 519 3502 .S.
533 3448 561 3500 id
574 3454 614 3500 est
631 3449 682 3500 Vir
695 3448 870 3516 Spectabilis,
909 3447 981 3500 modi
1006 3450 1136 3518 exempla,
1163 3459 1194 3503 ut
1218 3451 1264 3506 lib.
1287 3451 1310 3505 Ι.
1337 3452 1414 3520 epist.

366 3526 430 3572 nota
454 3518 595 3571 axiomatis
616 3517 645 3570 in
667 3517 735 3586 Rep.
757 3516 874 3586 proximi
909 3517 981 3571 xix:
1005 3520 1155 3572 Saturnino
1168 3529 1195 3574 et
1213 3521 1344 3574 Verbosio
1365 3523 1413 3574 Vi·

366 3588 522 3643 Illustribus
534 3594 562 3642 et
579 3587 750 3654 clarissimis,
766 3593 874 3640 auctore
910 3591 949 3641 ris
959 3589 1108 3642 illustribus
1120 3591 1306 3644 Senatoribas.
1328 3591 1415 3660 Epist.

368 3658 547 3712 Constantino
562 3657 596 3710 A.
613 3657 736 3726 proprius
749 3657 873 3710 Advooa·
911 3657 975 3710 xxii.
1012 3659 1149 3712 Marcello
1180 3661 1247 3714 Viro
1276 3662 1415 3727 Senatori,

367 3736 457 3781 torum
464 3727 530 3792 fisci,
542 3725 800 3790 Referendariorum,
811 3725 875 3777 alio-
911 3726 999 3795 Epist.
1013 3727 1083 3781 xxiv.
1107 3730 1259 3782 Sabiniano
1280 3729 1346 3784 Viro
1364 3733 1415 3783 Se·

367 3812 481 3865 rumque
499 3795 604 3863 magnis
624 3795 716 3847 officiis
735 3794 874 3862 imposito·
911 3799 1011 3861 notari,
1021 3804 1049 3849 et
1058 3797 1211 3865 hujusmodi
1221 3799 1273 3851 alia
1282 3807 1416 3853 sexcenta.

368 3883 429 3918 rum
446 3865 550 3918 titulus.
588 3863 748 3916 Praefectum
763 3881 875 3916 annonae
913 3864 975 3934 Ipse
987 3865 1064 3919 video
1078 3866 1107 3919 in
1123 3868 1244 3935 margine
1258 3869 1418 3938 exemplaris

267 3935 268 3940 ’
372 3936 503 3988 Sabinam
516 3935 549 3989 V.
566 3932 593 3987 S.
608 3940 685 3986 vocat
701 3933 780 3986 inser.
795 3932 873 3986 Rom.
911 3935 964 3987 mei
985 3935 1128 3989 Venarum
1154 3935 1307 3991 cassiodori
1331 3938 1418 3990 notari

369 4005 397 4057 in
410 4003 527 4057 Basilica
537 4002 664 4068 Ostiensi,
680 4021 760 4074 quam
772 4003 875 4056 notavit
911 4004 1052 4057 lectionem
1061 4005 1157 4058 veteris
1166 4006 1346 4060 Membrana:
1359 4011 1418 4060 ciro

372 4073 451 4127 Sirm.
468 4073 501 4126 ad
516 4072 621 4126 Ennod.
636 4078 661 4126 6.
675 4091 716 4142 ep.
729 4078 773 4126 29.
807 4071 874 4127 Gol·
914 4071 1053 4129 illustri'ct
1064 4074 1183 4130 Andreae
1197 4079 1255 4130 viro
1270 4079 1408 4131 Seiratori.
