3228 4982
360 500 403 559 26
721 493 883 558 Sunsrnm
900 493 1046 557 Enaxno

265 633 270 640 ¹
361 647 447 721 latos,
465 667 542 729 quos
558 667 652 729 supra
670 655 745 708 nota
758 647 796 724 (⁵)
810 645 906 708 etiam
922 646 1062 709 codicem
1077 644 1265 708 Vossianum
1281 655 1314 708 et
1329 644 1410 710 anti-

360 755 457 818 quam
472 731 642 794 editionem
659 731 883 794 Germanicam
898 731 1014 794 habere
1030 730 1114 794 dixi:

403 850 548 914 Praemia
564 849 739 932 totsormoe
754 858 900 912 numerat
916 849 989 932 quis
1003 848 1251 931 aocesacrmda,
1267 857 1328 910 etc.

363 981 530 1044 Sentenius
551 990 705 1065 praeterea
728 979 937 1064 suppeditavit
959 978 1037 1041 mihi
1063 978 1272 1042 Collationem
1295 978 1409 1040 codicis

362 1066 457 1128 Bern.
481 1064 690 1130 Rottendorfii
712 1064 745 1126 in
767 1066 900 1128 membr.
923 1065 965 1127 ad
987 1064 1157 1126 editionem
1181 1062 1308 1138 Catulli,
1334 1063 1407 1126 Tib.

362 1151 454 1237 Prop.
469 1151 556 1214 Paris
575 1156 675 1226 1753;
691 1149 768 1213 item
785 1150 944 1233 Excerpta
956 1149 1153 1212 Variantium
1169 1171 1210 1212 ex
1225 1148 1285 1210 alio
1301 1148 1407 1210 codice

359 1259 423 1299 non
438 1237 608 1310 nominato,
625 1257 697 1318 quae
715 1235 879 1318 adscriptae
899 1245 988 1297 erant
1010 1233 1102 1297 Gallo
1120 1233 1264 1296 editionis
1284 1233 1408 1295 Hanov.

363 1325 455 1384 1618.
482 1321 515 1382 in
541 1319 721 1402 exemplari,
749 1320 835 1402 quod
860 1318 935 1381 olim
963 1318 1113 1380 Gronovii
1135 1317 1204 1394 fuit,
1232 1317 1318 1381 etin
1341 1318 1408 1401 ejus

360 1404 510 1467 librorum
540 1403 684 1467 auctione
714 1413 844 1465 emtum.
895 1403 1029 1466 Addidit
1058 1403 1194 1486 denique
1224 1413 1257 1465 61
1282 1425 1409 1465 mecum

360 1488 603 1552 communicavit
633 1487 682 1550 Cl.
712 1487 878 1550 Santenius
911 1487 1023 1550 Richei
1049 1510 1109 1550 van
1141 1488 1324 1562 Ommeren‚
1352 1487 1409 1550 viri

360 1573 568 1649 eruditissimi,
601 1572 744 1636 Rectoris
773 1572 888 1636 scholae
915 1572 1224 1647 Amstelodamensis,
1253 1572 1410 1635 Observa-

360 1659 459 1722 tiones
478 1669 511 1722 61
531 1659 724 1742 conjecturas
743 1657 776 1719 in
799 1656 1043 1731 Maximianum,
1063 1657 1211 1740 singulari
1230 1657 1262 1719 in
1283 1656 1407 1732 scheda,

360 1745 464 1808 nescio
487 1767 506 1807 a
529 1767 592 1827 quo
616 1743 753 1827 scriptas,
775 1765 848 1826 quae
870 1753 977 1805 tamen
1000 1742 1171 1805 admodum
1193 1743 1303 1805 breves
1325 1754 1408 1817 sunt,

359 1851 419 1892 nec
434 1829 499 1891 fere
511 1829 598 1891 aliud
610 1829 697 1912 quid,
710 1851 805 1914 quam
821 1827 1085 1912 comparationem
1098 1827 1246 1890 similium
1258 1827 1408 1901 locorum,

360 1935 438 1996 quos
452 1913 588 1997 respexit
601 1913 651 1975 vel
666 1913 805 1976 imitatus
823 1924 870 1975 est
889 1912 1111 1987 Maximianus,
1129 1912 1299 1975 continent.
1346 1913 1410 1974 Sed

359 1997 393 2060 in
407 1997 515 2081 primis
529 1997 608 2060 mihi
630 1997 688 2060 hac
710 1997 743 2059 in
765 2019 860 2081 opera
882 1997 1087 2069 conferendus
1110 1997 1169 2059 fuit
1190 1998 1238 2059 Jo.
1264 1994 1409 2059 Hildebr.

362 2083 536 2158 Withofius,
560 2082 669 2166 quiin
693 2084 859 2147 Eneaeniia
886 2083 1029 2156 criticis,
1050 2081 1185 2144 Vesaliae
1208 2103 1290 2143 anno
1317 2086 1409 2144 1741.

360 2168 461 2243 editis,
477 2167 549 2232 libri
565 2168 606 2230 iii.
624 2168 724 2252 capite
739 2167 782 2229 iii.
798 2177 830 2229 et
845 2165 883 2229 iv.
899 2166 1000 2228 multa
1012 2165 1203 2230 Maximiani
1218 2165 1287 2229 loca
1301 2188 1410 2228 emen-

359 2253 455 2315 dandi
474 2264 506 2315 et
523 2253 698 2315 illustrandi
716 2251 818 2314 studio
835 2250 1031 2334 perstrinxit3
1055 2251 1111 2334 qui
1130 2261 1247 2326 tamen,
1266 2251 1322 2314 ubi
1342 2251 1410 2335 ple·

358 2358 491 2421 rumque
507 2337 651 2399 liberiore
668 2336 737 2398 crisi
753 2337 860 2410 utitur,
877 2336 967 2418 plura
981 2334 1050 2398 loca
1069 2347 1188 2398 temere
1206 2336 1360 2410 sollicitat,
1377 2347 1411 2400 et

357 2421 506 2484 audacius
529 2420 662 2503 corrigit,
682 2419 715 2481 in
736 2419 907 2504 primisque
930 2441 1035 2482 naevos
1057 2442 1175 2495 omnes,
1195 2420 1336 2504 scriptori
1358 2421 1409 2484 isti

358 2507 399 2569 ab
424 2515 516 2570 aetate
541 2529 596 2569 sua
619 2516 652 2568 et
674 2504 828 2567 latinitate
855 2504 1044 2587 conuptiore
1071 2504 1277 2581 adhaerentes,
1302 2516 1411 2568 contra

358 2601 551 2655 vetustorum
566 2591 792 2676 exemplarium
807 2590 904 2652 fidem
922 2588 1031 2652 tollere
1048 2600 1185 2666 conatus,
1202 2612 1271 2652 raro
1286 2612 1306 2653 a
1319 2590 1410 2654 nobis

359 2677 526 2775 impetrare
542 2677 652 2761 potuit,
669 2687 705 2739 ut
719 2676 786 2759 ejus
802 2675 929 2739 consilio
944 2685 1113 2738 uteremur.
1161 2675 1284 2760 Optimi
1298 2698 1410 2738 manu-

359 2763 465 2846 scnpti
487 2762 584 2824 instar
604 2761 682 2823 mihi
705 2760 764 2824 fuit
786 2759 882 2822 editio
904 2770 1083 2843 pervetusta
1107 2760 1298 2823 Germanica
1317 2783 1411 2843 supra

359 2845 519 2910 luculente
535 2846 590 2909 abs
604 2869 657 2908 me
673 2845 836 2929 descripta,
853 2866 948 2992 apuam
963 2843 1135 2907 recensioni
1155 2867 1237 2906 meae
1257 2855 1410 2928 perpetuo

359 2931 498 2996 adhibui.
544 2930 597 2996 Ex
616 2930 805 2994 editionibus
825 2953 858 2993 re
871 2929 951 3015 iquis
970 2929 1106 2992 maxime
1127 2929 1268 2993 consului
1291 2930 1410 2992 Planti-

359 3017 487 3081 nianam
506 3017 629 3081 Theod.
650 3016 830 3091 Pulmanni,
852 3017 1004 3101 Antverp.
1028 3020 1120 3079 1569.
1142 3021 1244 3079 lamo.
1265 3027 1298 3079 et
1311 3015 1410 3079 varias

359 3101 508 3164 lectiones
534 3103 575 3165 ab
601 3103 713 3166 eodem
737 3125 755 3164 e
777 3102 875 3165 veteri
898 3101 1005 3163 codice
1029 3101 1197 3185 descriptas
1223 3112 1256 3164 et
1276 3099 1410 3184 margini

359 3187 522 3282 appositas,
539 3208 635 3270 quem
650 3186 682 3246 in
697 3185 937 3268 praefatiuncula
954 3185 1030 3248 dicit
1049 3207 1082 3247 se
1100 3208 1139 3246 ex
1159 3186 1288 3248 Joannis
1310 3187 1411 3248 Goro-

359 3269 403 3353 pri
421 3269 539 3332 Becani
554 3269 745 3332 bibliotheca
759 3268 923 3343 habuisse3
946 3279 1014 3330 tum
1032 3268 1232 3331 Pithoeanam
1247 3270 1280 3330 in
1300 3269 1408 3352 Epigr.

360 3364 393 3416 et
407 3376 509 3438 poem.
522 3364 618 3416 veter.
634 3364 667 3416 et
683 3353 826 3416 Goldasti
841 3353 874 3414 in
892 3352 978 3414 Erot.
994 3363 1027 3415 et
1039 3353 1145 3416 Amat.
1163 3354 1280 3436 Opusc.
1292 3354 1409 3418 Ovidii.

362 3439 511 3502 Fundum
529 3449 636 3502 autem
653 3437 840 3501 recensionis
857 3459 939 3500 meae
960 3437 1049 3522 posui
1068 3437 1314 3502 recentissimam
1335 3438 1410 3502 edit.

360 3524 574 3609 Bipontinam,
590 3529 684 3589 1783.
716 3524 755 3587 ln
770 3523 837 3608 ipsa
851 3522 1031 3587 recensione
1046 3534 1079 3587 et
1093 3523 1312 3608 explanatione
1328 3523 1410 3586 nihil

359 3610 425 3674 fere
446 3611 532 3674 aliud
551 3633 644 3694 agere
661 3633 787 3674 necesse
805 3610 873 3684 fuit,
890 3632 986 3694 quam
1008 3620 1044 3673 ut
1061 3609 1241 3675 multifariae
1260 3608 1412 3673 lectiones

359 3696 557 3760 librariorum
582 3697 703 3759 incuria
729 3707 761 3758 et
783 3695 960 3759 temeritate
986 3695 1130 3769 invectae,
1157 3696 1412 3779 expenderentur

359 3790 454 3855 recte,
470 3791 621 3843 attextus
641 3790 753 3864 poetae,
770 3780 907 3843 multum
927 3801 966 3842 ca
983 3779 1132 3842 varietate
1153 3779 1327 3854 distractus,
1347 3779 1411 3843 lec-

358 3865 443 3927 tione
463 3865 599 3928 maxime
617 3864 771 3951 probabili
789 3865 918 3928 inducta
938 3874 1193 3949 componeretur3
1218 3864 1259 3928 ad
1276 3865 1411 3928 illustra-

357 3949 477 4012 tionem
492 3973 596 4013 remm
608 3952 837 4037 verborumque
849 3949 990 4026 sufficiet,
1003 3951 1072 4013 loca
1082 3960 1224 4013 veterum
1236 3960 1409 4034 poetarum,

358 4057 493 4118 quorum
509 4035 634 4118 ingenio
650 4046 682 4100 et
694 4036 796 4100 verbis
808 4036 873 4101 fere
889 4035 986 4100 utitur
1000 4034 1223 4113 Maximianus,
1237 4045 1410 4120 opportune

360 4119 542 4205 conquirere
558 4132 591 4184 et
605 4121 751 4185 indicare.
889 4139 891 4142 ’
