3228 4982
471 439 579 504 Faeso
598 439 737 504 Exnons
755 440 945 504 Ixscnn’ro
1212 449 1234 507 3

180 589 225 654 sie
240 589 378 665 titulum,
394 611 490 676 quem
507 590 699 673 Pomponius
716 591 871 654 Gaurious
889 602 1042 676 corruptae
1057 592 1098 655 ab
1117 613 1149 654 se
1168 592 1234 655 edi-

181 676 259 739 tioni
281 675 507 761 praeposuisset,
524 698 596 739 oum
612 699 659 752 eo,
676 676 779 763 quiin
793 677 1012 740 vetustioribus
1032 677 1233 753 inveniretur,

184 760 381 836 Maximiani,
398 761 562 824 commode
578 761 734 825 conciliari
750 774 782 826 et
802 762 974 827 combinari
990 763 1233 838 arbitrarentur3

182 845 232 909 vel
248 847 332 932 quod
347 869 380 908 re
395 869 469 909 vera
483 857 639 930 putarent,
657 847 831 910 Gaurimm
849 847 881 910 in
902 847 981 910 libro
996 870 1052 910 suo
1067 849 1234 932 conjuncta

184 932 322 996 Cornelii
345 931 532 995 Maximiani
554 932 640 995 Galli
663 933 792 996 nomina
814 933 977 1009 invenisse,
1002 933 1103 997 solum
1128 933 1233 997 Maxi·

181 1017 289 1092 miani,
305 1017 422 1080 fraudis
436 1018 582 1100 tegendae
598 1039 714 1092 caussa,
731 1018 932 1103 suppressisse
942 1021 960 1081 ⁴.

229 1103 293 1165 Sed
310 1102 375 1187 ipse
393 1103 585 1187 Pomponius
602 1104 757 1166 Gaurious
765 1107 785 1179 ⁵,
801 1104 856 1190 qui
876 1103 931 1167 has
951 1103 1138 1167 Maximiani
1158 1103 1233 1168 Ele-

178 1187 247 1272 gias
259 1189 317 1252 sub
328 1188 420 1251 titulo
431 1191 574 1252 Cornelii
585 1189 680 1253 Gelli
685 1191 887 1274 Fragmenta
894 1189 1035 1253 Venetiis
1047 1211 1129 1253 anno
1139 1194 1231 1266 1501,

181 1273 397 1337 fraudulenter
425 1272 533 1349 edidit,
560 1271 682 1336 nullum
711 1274 871 1357 mangonii
898 1275 945 1338 sui
974 1285 1162 1359 praetextum
1192 1276 1233 1339 ab

178 1359 365 1422 auctoritate
387 1358 518 1443 alicujus
540 1359 654 1421 codicis
675 1359 878 1443 manuscripti
899 1360 987 1444 petit,
1004 1360 1060 1423 sed
1082 1382 1137 1423 cur
1156 1361 1233 1424 Cor-

181 1444 265 1506 nelio
282 1444 375 1508 Gallo
389 1444 543 1520 tribuerit,
559 1444 634 1507 alias
649 1444 742 1528 plane
757 1445 891 1508 rationes
906 1445 938 1508 in
953 1446 1083 1530 praefixa
1096 1445 1233 1509 Cornelii

182 1529 270 1593 Galli
284 1530 348 1593 vita
368 1529 468 1593 affert.
513 1533 599 1615 Ejus
619 1532 757 1615 scripte,
774 1529 885 1616 inquit,
905 1535 1038 1617 penitus
1060 1533 1232 1595 intercide-

181 1626 267 1692 rnnt,
284 1626 411 1700 praeter
425 1619 509 1680 nnnc
529 1617 681 1689 libellum,
698 1639 790 1700 qnem
806 1619 924 1700 paullo
946 1627 1023 1680 onte
1044 1627 1176 1681 mortem
1197 1619 1231 1680 in

181 1703 339 1787 AEgppto
355 1703 442 1766 nisus
457 1711 507 1765 est
516 1702 764 1786 perscripsisse.
799 1701 888 1766 Nam
904 1725 997 1786 qnam
1014 1702 1060 1764 ibi
1079 1702 1232 1766 Graeenm

180 1789 344 1870 qnondam
354 1788 499 1871 puellam
514 1789 710 1862 ademisset,
727 1809 784 1849 nee
803 1796 944 1871 propter
958 1788 1232 1870 ingravescentem

170 1874 247 1956 jorn
268 1880 397 1934 aetatem
419 1873 489 1956 eJins
511 1871 641 1934 libidini
662 1872 746 1934 sotis
756 1872 879 1954 saeere
897 1873 1069 1954 potuisset,
1093 1873 1232 1934 materia

180 1957 265 2020 sotis
287 1966 468 2040 opportune
488 1956 600 2019 oblata
622 1965 682 2031 est,
708 1965 743 2018 nt
764 1957 937 2019 senectutis
959 1957 1157 2020 incommode
1178 1959 1232 2020 tle·

180 2040 334 2117 scribens,
341 2041 507 2123 juveniles
521 2062 596 2103 snos
611 2062 738 2104 umores
754 2051 946 2117 recenseret,
963 2063 1061 2125 seque
1076 2042 1145 2104 anis
1160 2063 1232 2104 enr-

179 2126 318 2189 minibns
338 2127 437 2189 multo
455 2127 580 2201 melitis,
598 2149 694 2210 qnam
715 2127 749 2188 in
769 2149 893 2189 nummo
915 2126 1123 2210 spectandum
1144 2127 1233 2210 effin-

177 2221 285 2296 geret.
330 2210 419 2273 Nom
443 2213 531 2294 qnod
542 2211 654 2293 suerit
679 2211 852 2283 Etruscos,
878 2213 965 2294 qnod
987 2211 1122 2286 Orator,
1147 2211 1235 2295 qnod

175 2305 289 2381 poeta,
314 2297 520 2380 quodetiam
542 2296 730 2370 vinolentus,
755 2297 844 2379 qaod
863 2296 1033 2380 Lycorida
1055 2296 1231 2372 ndnrndrit,

182 2382 270 2465 qnod
296 2380 445 2465 Legatos
471 2380 629 2465 AEgppto
654 2381 841 2465 prefuerit,
868 2382 943 2444 ltine
971 2381 1233 2465 manifestissime

179 2465 359 2550 colligitur.
409 2465 491 2535 Quae
505 2467 535 2528 si
552 2467 625 2549 quis
645 2467 821 2550 diligenter
838 2466 1087 2540 animaduertat,
1103 2466 1232 2548 fatebi-

180 2559 244 2626 tnr,
265 2553 348 2613 nnnc
370 2549 510 2614 libellum
529 2551 674 2614 Cornelii
697 2550 802 2621 Galli,
824 2573 886 2614 non
908 2551 1045 2615 alterins
1056 2551 1180 2634 fnisse,
1197 2559 1233 2612 nt

181 2637 313 2720 qnidam
326 2657 446 2719 param
458 2637 639 2718 prudenter
654 2636 890 2699 existimdrnnt.
937 2633 1090 2698 Videmus
1110 2633 1232 2716 singula

179 2729 342 2784 momenta
365 2741 404 2782 ex
426 2718 499 2804 ipsis
523 2718 640 2802 Elegiis
662 2719 736 2803 peti,
760 2729 793 2783 et
818 2719 860 2782 ad
884 2730 1023 2784 veterem
1049 2719 1230 2782 Cornelium

182 2803 312 2868 Gallum
327 2804 485 2890 applicari,
502 2805 644 2892 quamvis
658 2804 807 2890 pleraque
827 2828 970 2890 perverse
986 2815 1018 2868 et
1032 2805 1115 2868 male
1135 2805 1232 2868 inter·
1280 2827 1283 2836 ¹

216 2989 287 3043 *sie
305 2989 392 3042 Aldus
409 2987 551 3041 Manutius
570 2987 598 3039 in
616 3005 686 3055 prae·
725 2987 846 3050 Gemini,
856 2987 986 3051 frater,eo
997 2985 1229 3054 anno,qnoPseu·

179 3059 328 3112 fatiuneula
340 3059 374 3111 ad
386 3058 510 3126 Elegiam
519 3057 608 3110 Asinii
618 3056 686 3110 Cor·
724 3056 887 3109 do·Gallum
896 3055 1017 3110 Venetiis
1027 3055 1118 3119 edidit,
1131 3071 1231 3106 annum

178 3129 245 3182 nelii
277 3129 351 3182 Galli
381 3128 502 3193 affirmat,
530 3127 629 3181 librum
660 3144 688 3178 se
724 3126 811 3179 aetatis
826 3143 880 3178 suae
900 3125 974 3178 XIX
992 3125 1056 3194 egit,
1078 3133 1158 3194 atque
1177 3141 1231 3177 una

180 3199 310 3267 seriptum
331 3199 437 3263 habere,
460 3199 488 3249 in
510 3215 562 3266 quo
581 3195 685 3264 Elegiae
722 3213 784 3248 eum
814 3195 991 3261 Rhamnusia
1018 3195 1063 3264 qui
1089 3202 1148 3247 tum
1172 3194 1229 3263 epi-

179 3269 239 3321 istoe
271 3269 349 3320 Galli
378 3269 549 3320 Maximiani
577 3267 685 3319 nomine
721 3273 870 3334 grammate
895 3265 1029 3335 applausit
1054 3265 1181 3329 Gaurion,
1203 3271 1230 3316 et

179 3338 313 3407 legantur.
353 3337 406 3390 Sed
421 3337 465 3390 hio
482 3338 574 3400 codex,
590 3336 612 3388 si
624 3353 685 3388 vere
722 3336 808 3388 tribus
821 3335 897 3388 annis
910 3353 941 3388 eo
954 3336 1042 3387 minor
1053 3334 1113 3400 luit,
1126 3334 1231 3386 Patavii

178 3408 252 3476 apud
282 3407 439 3460 Manutium
471 3407 531 3472 fuit,
564 3406 686 3458 dubitare
721 3405 817 3458 studiis
830 3423 938 3474 operam
950 3405 1031 3458 dedit.
1060 3404 1127 3458 Haeo
1140 3403 1228 3456 ourio-

179 3495 234 3530 non
255 3495 373 3547 possum,
396 3477 460 3546 quin
485 3483 635 3544 corruptus,
659 3482 686 3528 et
722 3475 777 3528 sius
810 3474 948 3528 annotavit
973 3474 1140 3526 Fontaninus
1164 3473 1183 3526 l.
1207 3490 1229 3526 o.

179 3547 292 3600 fortasse
323 3547 357 3599 ad
388 3546 500 3600 Gaurioi
533 3545 686 3614 exemplum
721 3563 747 3614 p.
761 3549 805 3610 54,
820 3544 1007 3612 ntjuvenilem
1023 3543 1093 3595 hane
1108 3542 1229 3594 fraudem

179 3624 315 3670 correctus
335 3616 425 3669 luerit.
463 3616 534 3669 Nam
555 3622 596 3668 tot
617 3615 684 3667 alio·
721 3621 749 3667 et
769 3614 859 3666 lusum
883 3614 997 3665 duorum
1017 3612 1228 3664 adolescentulo·

180 3704 241 3740 rum
269 3686 400 3751 codicum,
427 3703 494 3754 quos
518 3703 534 3738 a
560 3703 588 3738 se
615 3684 685 3737 visos
721 3683 872 3736 ruminisse
880 3683 1052 3748 demonstret,
1062 3682 1138 3750 eujus
1148 3681 1230 3733 etiam

180 3757 254 3810 docti
277 3756 328 3809 viri
351 3763 493 3821 testantur,
520 3762 547 3808 et
571 3771 686 3824 quorum
723 3753 872 3808 Gaurienm
884 3759 976 3821 postea
988 3751 1146 3822 poenituisse
1158 3751 1228 3803 veri·

180 3826 238 3896 ipse
269 3825 412 3879 nonnullos
447 3825 561 3895 inspexi,
595 3824 685 3876 nullus
722 3823 808 3876 simile
821 3823 964 3876 existimat.
1004 3823 1058 3876 Sed
1071 3822 1142 3874 idem
1156 3821 1228 3873 Fon-

180 3896 291 3949 omnino
317 3902 439 3963 repertus
464 3903 513 3960 est,
540 3894 587 3964 qui
612 3893 686 3948 Galli
722 3893 829 3946 taninus
848 3911 874 3961 p.
888 3897 930 3945 42.
958 3891 1137 3961 Pomponium
1151 3891 1227 3944 Gau-

180 3983 279 4019 nomen
292 3965 437 4034 praeferret.
722 3962 808 4015 risum
820 3969 897 4015 vocat
916 3962 1143 4030 Geopltonensem,
1158 3961 1229 4030 quod

215 4034 403 4104 ‘Pomponius
419 4034 562 4098 Geminus,
578 4033 685 4103 Neapo-
722 4050 822 4085 nomen
834 4040 874 4085 est
887 4032 978 4102 oppidi
990 4050 1072 4101 prope
1087 4031 1229 4084 Salernum

180 4105 290 4171 litanus,
320 4104 415 4158 famosi
444 4104 580 4172 astrologi,
605 4104 687 4155 Lueae
723 4103 751 4154 in
765 4102 858 4156 Sicilia
869 4103 936 4157 eitra
948 4102 1074 4155 Pharum.

757 4176 813 4232 aa
