<?xml version="1.0" encoding="UTF-8"?>
<!DOCTYPE html PUBLIC "-//W3C//DTD XHTML 1.0 Transitional//EN"
    "http://www.w3.org/TR/xhtml1/DTD/xhtml1-transitional.dtd">
<html xmlns="http://www.w3.org/1999/xhtml" xml:lang="en" lang="en">
 <head>
  <title>
</title>
<meta http-equiv="Content-Type" content="text/html;charset=utf-8" />
  <meta name='ocr-system' content='tesseract 3.04.00' />
  <meta name='ocr-capabilities' content='ocr_page ocr_carea ocr_par ocr_line ocrx_word'/>
</head>
<body>
  <div class='ocr_page' id='page_1' title='image "./elegiaesexexrec00gilegoog_0106.png"; bbox 0 0 3228 4982; ppageno 0'>
   <div class='ocr_carea' id='block_1_1' title="bbox 381 408 1233 476">
    <p class='ocr_par' dir='ltr' id='par_1_1' title="bbox 381 408 1233 476">
     <span class='ocr_line' id='line_1_1' title="bbox 381 408 1233 476; baseline 0.002 -4"><span class='ocrx_word' id='word_1_1' title='bbox 381 409 422 473; x_wconf 82' lang='lat' dir='ltr'>ln</span> <span class='ocrx_word' id='word_1_2' title='bbox 440 409 685 474; x_wconf 76' lang='lat' dir='ltr'>Mnxrnmnun</span> <span class='ocrx_word' id='word_1_3' title='bbox 703 408 1024 475; x_wconf 79' lang='lat' dir='ltr'>Wsnnsuonnrnnm.</span> <span class='ocrx_word' id='word_1_4' title='bbox 1174 413 1233 476; x_wconf 82' lang='lat'>105</span> 
     </span>
    </p>
   </div>
   <div class='ocr_carea' id='block_1_2' title="bbox 183 544 1238 2584">
    <p class='ocr_par' dir='ltr' id='par_1_2' title="bbox 183 544 1238 2584">
     <span class='ocr_line' id='line_1_2' title="bbox 184 544 1234 617; baseline 0 -17"><span class='ocrx_word' id='word_1_5' title='bbox 184 546 255 600; x_wconf 87' lang='lat' dir='ltr'>cidet</span> <span class='ocrx_word' id='word_1_6' title='bbox 268 547 547 616; x_wconf 81' lang='lat' dir='ltr'>generatio—12³.</span> <span class='ocrx_word' id='word_1_7' title='bbox 568 548 731 614; x_wconf 82' lang='lat' dir='ltr'>Purafides</span> <span class='ocrx_word' id='word_1_8' title='bbox 742 556 898 617; x_wconf 85' lang='lat' dir='ltr'>secretaque</span> <span class='ocrx_word' id='word_1_9' title='bbox 910 556 985 602; x_wconf 89' lang='lat' dir='ltr'>certa</span> <span class='ocrx_word' id='word_1_10' title='bbox 995 544 1145 615; x_wconf 70' lang='lat' dir='ltr'>locantur]</span> <span class='ocrx_word' id='word_1_11' title='bbox 1166 546 1234 601; x_wconf 86' lang='lat' dir='ltr'>Haec</span> 
     </span>
     <span class='ocr_line' id='line_1_3' title="bbox 184 617 1232 688; baseline 0.002 -18"><span class='ocrx_word' id='word_1_12' title='bbox 184 634 247 671; x_wconf 86' lang='lat' dir='ltr'>vera</span> <span class='ocrx_word' id='word_1_13' title='bbox 263 625 291 671; x_wconf 94' lang='lat' dir='ltr'>et</span> <span class='ocrx_word' id='word_1_14' title='bbox 307 623 381 672; x_wconf 86' lang='lat' dir='ltr'>certa</span> <span class='ocrx_word' id='word_1_15' title='bbox 391 617 471 671; x_wconf 90' lang='lat' dir='ltr'>lectio</span> <span class='ocrx_word' id='word_1_16' title='bbox 484 625 533 684; x_wconf 89' lang='lat' dir='ltr'>est,</span> <span class='ocrx_word' id='word_1_17' title='bbox 548 635 629 688; x_wconf 86' lang='lat' dir='ltr'>quam</span> <span class='ocrx_word' id='word_1_18' title='bbox 645 619 741 671; x_wconf 90' lang='lat' dir='ltr'>unicus</span> <span class='ocrx_word' id='word_1_19' title='bbox 754 617 868 672; x_wconf 85' lang='lat' dir='ltr'>servavit</span> <span class='ocrx_word' id='word_1_20' title='bbox 880 619 938 672; x_wconf 90' lang='lat' dir='ltr'>cod.</span> <span class='ocrx_word' id='word_1_21' title='bbox 957 618 1028 671; x_wconf 88' lang='lat' dir='ltr'>Luu.</span> <span class='ocrx_word' id='word_1_22' title='bbox 1061 635 1177 688; x_wconf 87' lang='lat' dir='ltr'>namque</span> <span class='ocrx_word' id='word_1_23' title='bbox 1190 636 1232 672; x_wconf 90' lang='lat' dir='ltr'>se·</span> 
     </span>
     <span class='ocr_line' id='line_1_4' title="bbox 184 688 1233 759; baseline 0 -17"><span class='ocrx_word' id='word_1_24' title='bbox 184 705 269 758; x_wconf 89' lang='lat' dir='ltr'>quens</span> <span class='ocrx_word' id='word_1_25' title='bbox 281 705 373 741; x_wconf 83' lang='lat' dir='ltr'>versus</span> <span class='ocrx_word' id='word_1_26' title='bbox 388 688 476 741; x_wconf 88' lang='lat' dir='ltr'>minor</span> <span class='ocrx_word' id='word_1_27' title='bbox 492 688 556 742; x_wconf 89' lang='lat' dir='ltr'>satis</span> <span class='ocrx_word' id='word_1_28' title='bbox 573 689 720 742; x_wconf 87' lang='lat' dir='ltr'>confirmat.</span> <span class='ocrx_word' id='word_1_29' title='bbox 740 690 830 742; x_wconf 88' lang='lat' dir='ltr'>locare</span> <span class='ocrx_word' id='word_1_30' title='bbox 847 688 923 754; x_wconf 82' lang='lat' dir='ltr'><strong>dixit,</strong></span> <span class='ocrx_word' id='word_1_31' title='bbox 943 689 1014 759; x_wconf 91' lang='lat' dir='ltr'>quod</span> <span class='ocrx_word' id='word_1_32' title='bbox 1061 695 1128 742; x_wconf 89' lang='lat' dir='ltr'>orat.</span> <span class='ocrx_word' id='word_1_33' title='bbox 1145 689 1200 743; x_wconf 88' lang='lat' dir='ltr'>Sat.</span> <span class='ocrx_word' id='word_1_34' title='bbox 1214 689 1233 742; x_wconf 90' lang='lat' dir='ltr'>i.</span> 
     </span>
     <span class='ocr_line' id='line_1_5' title="bbox 183 758 1235 830; baseline 0 -18"><span class='ocrx_word' id='word_1_35' title='bbox 183 763 261 824; x_wconf 80' lang='lat'>2,18,</span> <span class='ocrx_word' id='word_1_36' title='bbox 272 776 375 826; x_wconf 88' lang='lat' dir='ltr'>ponere</span> <span class='ocrx_word' id='word_1_37' title='bbox 388 761 416 811; x_wconf 86' lang='lat' dir='ltr'>in</span> <span class='ocrx_word' id='word_1_38' title='bbox 424 761 533 830; x_wconf 80' lang='lat' dir='ltr'>fanore</span> <span class='ocrx_word' id='word_1_39' title='bbox 546 777 673 812; x_wconf 87' lang='lat' dir='ltr'>nummos.</span> <span class='ocrx_word' id='word_1_40' title='bbox 698 758 843 824; x_wconf 85' lang='lat' dir='ltr'>Locantur,</span> <span class='ocrx_word' id='word_1_41' title='bbox 858 759 955 828; x_wconf 85' lang='lat' dir='ltr'>inquit,</span> <span class='ocrx_word' id='word_1_42' title='bbox 970 776 1018 828; x_wconf 88' lang='lat' dir='ltr'>per</span> <span class='ocrx_word' id='word_1_43' title='bbox 1029 759 1098 812; x_wconf 94' lang='lat' dir='ltr'>illud</span> <span class='ocrx_word' id='word_1_44' title='bbox 1110 759 1235 814; x_wconf 89' lang='lat' dir='ltr'>concubii</span> 
     </span>
     <span class='ocr_line' id='line_1_6' title="bbox 185 828 1235 900; baseline 0.001 -19"><span class='ocrx_word' id='word_1_45' title='bbox 185 835 326 895; x_wconf 87' lang='lat' dir='ltr'>secretum,</span> <span class='ocrx_word' id='word_1_46' title='bbox 341 834 372 880; x_wconf 92' lang='lat' dir='ltr'>ut</span> <span class='ocrx_word' id='word_1_47' title='bbox 384 829 502 898; x_wconf 85' lang='lat' dir='ltr'>appellat</span> <span class='ocrx_word' id='word_1_48' title='bbox 515 828 621 883; x_wconf 84' lang='lat' dir='ltr'>Gellius</span> <span class='ocrx_word' id='word_1_49' title='bbox 633 829 670 880; x_wconf 88' lang='lat' dir='ltr'>ix.</span> <span class='ocrx_word' id='word_1_50' title='bbox 687 834 728 894; x_wconf 89' lang='lat'>10,</span> <span class='ocrx_word' id='word_1_51' title='bbox 741 828 876 882; x_wconf 89' lang='lat' dir='ltr'>bonafide</span> <span class='ocrx_word' id='word_1_52' title='bbox 888 829 1103 894; x_wconf 90' lang='lat' dir='ltr'>committuntur,</span> <span class='ocrx_word' id='word_1_53' title='bbox 1118 837 1145 882; x_wconf 91' lang='lat' dir='ltr'>et</span> <span class='ocrx_word' id='word_1_54' title='bbox 1157 829 1235 900; x_wconf 84' lang='lat' dir='ltr'>quasi</span> 
     </span>
     <span class='ocr_line' id='line_1_7' title="bbox 184 899 1237 969; baseline 0.001 -18"><span class='ocrx_word' id='word_1_55' title='bbox 184 901 235 952; x_wconf 88' lang='lat' dir='ltr'>sub</span> <span class='ocrx_word' id='word_1_56' title='bbox 253 899 365 968; x_wconf 83' lang='lat' dir='ltr'>pignore</span> <span class='ocrx_word' id='word_1_57' title='bbox 384 899 555 967; x_wconf 88' lang='lat' dir='ltr'>deponuntur</span> <span class='ocrx_word' id='word_1_58' title='bbox 573 906 647 952; x_wconf 84' lang='lat' dir='ltr'>certa</span> <span class='ocrx_word' id='word_1_59' title='bbox 664 905 766 952; x_wconf 89' lang='lat' dir='ltr'>secreta</span> <span class='ocrx_word' id='word_1_60' title='bbox 784 916 931 969; x_wconf 84' lang='lat' dir='ltr'>sensusque</span> <span class='ocrx_word' id='word_1_61' title='bbox 949 899 1041 964; x_wconf 84' lang='lat' dir='ltr'>enimi,</span> <span class='ocrx_word' id='word_1_62' title='bbox 1062 917 1121 968; x_wconf 84' lang='lat' dir='ltr'>quae</span> <span class='ocrx_word' id='word_1_63' title='bbox 1139 907 1237 952; x_wconf 80' lang='lat' dir='ltr'>mutua</span> 
     </span>
     <span class='ocr_line' id='line_1_8' title="bbox 185 969 1233 1039; baseline 0.002 -19"><span class='ocrx_word' id='word_1_64' title='bbox 185 969 250 1022; x_wconf 85' lang='lat' dir='ltr'>fides</span> <span class='ocrx_word' id='word_1_65' title='bbox 263 976 290 1022; x_wconf 89' lang='lat' dir='ltr'>et</span> <span class='ocrx_word' id='word_1_66' title='bbox 301 969 488 1022; x_wconf 83' lang='lat' dir='ltr'>benevolentia</span> <span class='ocrx_word' id='word_1_67' title='bbox 504 975 563 1023; x_wconf 90' lang='lat' dir='ltr'>tuto</span> <span class='ocrx_word' id='word_1_68' title='bbox 577 975 672 1034; x_wconf 86' lang='lat' dir='ltr'>servet,</span> <span class='ocrx_word' id='word_1_69' title='bbox 687 977 768 1039; x_wconf 81' lang='lat' dir='ltr'>atque</span> <span class='ocrx_word' id='word_1_70' title='bbox 780 969 847 1022; x_wconf 81' lang='lat' dir='ltr'>adeo</span> <span class='ocrx_word' id='word_1_71' title='bbox 859 986 921 1021; x_wconf 87' lang='lat' dir='ltr'>cum</span> <span class='ocrx_word' id='word_1_72' title='bbox 933 969 1036 1022; x_wconf 82' lang='lat' dir='ltr'>ioenore</span> <span class='ocrx_word' id='word_1_73' title='bbox 1048 970 1150 1024; x_wconf 85' lang='lat' dir='ltr'>reddat.</span> <span class='ocrx_word' id='word_1_74' title='bbox 1189 969 1233 1024; x_wconf 92' lang='lat' dir='ltr'>Si-</span> 
     </span>
     <span class='ocr_line' id='line_1_9' title="bbox 184 1037 1233 1094; baseline 0.002 -3"><span class='ocrx_word' id='word_1_75' title='bbox 184 1038 337 1092; x_wconf 87' lang='lat' dir='ltr'>militudine</span> <span class='ocrx_word' id='word_1_76' title='bbox 348 1040 399 1092; x_wconf 89' lang='lat' dir='ltr'>hac</span> <span class='ocrx_word' id='word_1_77' title='bbox 411 1039 464 1092; x_wconf 90' lang='lat' dir='ltr'>alia</span> <span class='ocrx_word' id='word_1_78' title='bbox 475 1039 503 1090; x_wconf 91' lang='lat' dir='ltr'>in</span> <span class='ocrx_word' id='word_1_79' title='bbox 516 1057 545 1092; x_wconf 93' lang='lat' dir='ltr'>re</span> <span class='ocrx_word' id='word_1_80' title='bbox 563 1057 629 1092; x_wconf 88' lang='lat' dir='ltr'>usus</span> <span class='ocrx_word' id='word_1_81' title='bbox 641 1045 681 1092; x_wconf 91' lang='lat' dir='ltr'>est</span> <span class='ocrx_word' id='word_1_82' title='bbox 695 1038 790 1093; x_wconf 81' lang='lat' dir='ltr'>Claud.</span> <span class='ocrx_word' id='word_1_83' title='bbox 805 1040 838 1092; x_wconf 89' lang='lat' dir='ltr'>de</span> <span class='ocrx_word' id='word_1_84' title='bbox 852 1037 933 1092; x_wconf 85' lang='lat' dir='ltr'>Cous.</span> <span class='ocrx_word' id='word_1_85' title='bbox 948 1039 1026 1093; x_wconf 88' lang='lat' dir='ltr'>Mall.</span> <span class='ocrx_word' id='word_1_86' title='bbox 1039 1056 1064 1092; x_wconf 76' lang='grc' dir='ltr'>ν.</span> <span class='ocrx_word' id='word_1_87' title='bbox 1081 1043 1146 1092; x_wconf 76' lang='lat'>183:</span> <span class='ocrx_word' id='word_1_88' title='bbox 1170 1041 1233 1094; x_wconf 80' lang='lat' dir='ltr'>col-</span> 
     </span>
     <span class='ocr_line' id='line_1_10' title="bbox 184 1110 1236 1179; baseline 0.001 -17"><span class='ocrx_word' id='word_1_89' title='bbox 184 1110 333 1178; x_wconf 83' lang='lat' dir='ltr'>lectamque</span> <span class='ocrx_word' id='word_1_90' title='bbox 350 1112 406 1175; x_wconf 89' lang='lat' dir='ltr'>diu,</span> <span class='ocrx_word' id='word_1_91' title='bbox 428 1112 509 1163; x_wconf 84' lang='lat' dir='ltr'>certis</span> <span class='ocrx_word' id='word_1_92' title='bbox 529 1118 662 1178; x_wconf 85' lang='lat' dir='ltr'>utcunque</span> <span class='ocrx_word' id='word_1_93' title='bbox 681 1111 798 1163; x_wconf 87' lang='lat' dir='ltr'>locatam</span> <span class='ocrx_word' id='word_1_94' title='bbox 818 1111 944 1174; x_wconf 75' lang='lat' dir='ltr'>Sedibus,</span> <span class='ocrx_word' id='word_1_95' title='bbox 959 1113 987 1162; x_wconf 88' lang='lat' dir='ltr'>in</span> <span class='ocrx_word' id='word_1_96' title='bbox 1008 1110 1119 1162; x_wconf 87' lang='lat' dir='ltr'>dubium</span> <span class='ocrx_word' id='word_1_97' title='bbox 1136 1113 1236 1179; x_wconf 83' lang='lat' dir='ltr'>patiar</span> 
     </span>
     <span class='ocr_line' id='line_1_11' title="bbox 184 1179 1235 1249; baseline 0.002 -17"><span class='ocrx_word' id='word_1_98' title='bbox 184 1182 318 1248; x_wconf 80' lang='lat' dir='ltr'>deponere</span> <span class='ocrx_word' id='word_1_99' title='bbox 327 1180 448 1249; x_wconf 80' lang='lat' dir='ltr'>sarnam.</span> <span class='ocrx_word' id='word_1_100' title='bbox 484 1179 528 1232; x_wconf 91' lang='lat' dir='ltr'>De</span> <span class='ocrx_word' id='word_1_101' title='bbox 546 1185 648 1232; x_wconf 87' lang='lat' dir='ltr'>secreto</span> <span class='ocrx_word' id='word_1_102' title='bbox 667 1179 826 1233; x_wconf 90' lang='lat' dir='ltr'>commercio</span> <span class='ocrx_word' id='word_1_103' title='bbox 844 1181 991 1248; x_wconf 77' lang='lat' dir='ltr'>conjugum</span> <span class='ocrx_word' id='word_1_104' title='bbox 1009 1179 1084 1248; x_wconf 87' lang='lat' dir='ltr'>paria</span> <span class='ocrx_word' id='word_1_105' title='bbox 1102 1180 1235 1248; x_wconf 84' lang='lat' dir='ltr'>significat</span> 
     </span>
     <span class='ocr_line' id='line_1_12' title="bbox 186 1249 1233 1318; baseline 0 -14"><span class='ocrx_word' id='word_1_106' title='bbox 186 1249 282 1304; x_wconf 77' lang='lat' dir='ltr'>claud.</span> <span class='ocrx_word' id='word_1_107' title='bbox 297 1249 425 1303; x_wconf 83' lang='lat' dir='ltr'>Fescenn.</span> <span class='ocrx_word' id='word_1_108' title='bbox 440 1254 465 1315; x_wconf 99' lang='lat'>4,</span> <span class='ocrx_word' id='word_1_109' title='bbox 484 1254 531 1303; x_wconf 86' lang='lat'>16:</span> <span class='ocrx_word' id='word_1_110' title='bbox 552 1250 706 1318; x_wconf 70' lang='lat' dir='ltr'><em>Adspirate</em></span> <span class='ocrx_word' id='word_1_111' title='bbox 721 1267 818 1303; x_wconf 88' lang='lat' dir='ltr'>novam</span> <span class='ocrx_word' id='word_1_112' title='bbox 829 1250 987 1318; x_wconf 76' lang='lat' dir='ltr'>pectoribus</span> <span class='ocrx_word' id='word_1_113' title='bbox 996 1250 1095 1316; x_wconf 88' lang='lat' dir='ltr'>fidem,</span> <span class='ocrx_word' id='word_1_114' title='bbox 1114 1251 1233 1304; x_wconf 87' lang='lat' dir='ltr'>Mansu·</span> 
     </span>
     <span class='ocr_line' id='line_1_13' title="bbox 184 1317 1235 1390; baseline 0.004 -19"><span class='ocrx_word' id='word_1_115' title='bbox 184 1335 297 1388; x_wconf 72' lang='lat' dir='ltr'>remque</span> <span class='ocrx_word' id='word_1_116' title='bbox 307 1321 403 1390; x_wconf 86' lang='lat' dir='ltr'>facem</span> <span class='ocrx_word' id='word_1_117' title='bbox 424 1322 526 1373; x_wconf 82' lang='lat' dir='ltr'>tradite</span> <span class='ocrx_word' id='word_1_118' title='bbox 545 1321 810 1374; x_wconf 73' lang='lat' dir='ltr'>sensibus—124.</span> <span class='ocrx_word' id='word_1_119' title='bbox 837 1322 863 1372; x_wconf 89' lang='lat'>0</span> <span class='ocrx_word' id='word_1_120' title='bbox 886 1337 946 1373; x_wconf 87' lang='lat' dir='ltr'>aere</span> <span class='ocrx_word' id='word_1_121' title='bbox 960 1323 1082 1388; x_wconf 82' lang='lat' dir='ltr'>pretium</span> <span class='ocrx_word' id='word_1_122' title='bbox 1103 1317 1170 1388; x_wconf 75' lang='lat' dir='ltr'>eta]</span> <span class='ocrx_word' id='word_1_123' title='bbox 1209 1321 1235 1375; x_wconf 89' lang='grc' dir='ltr'>Ο</span> 
     </span>
     <span class='ocr_line' id='line_1_14' title="bbox 184 1389 1235 1460; baseline 0.003 -18"><span class='ocrx_word' id='word_1_124' title='bbox 184 1391 295 1456; x_wconf 90' lang='lat' dir='ltr'>bonum,</span> <span class='ocrx_word' id='word_1_125' title='bbox 311 1391 382 1460; x_wconf 93' lang='lat' dir='ltr'>quod</span> <span class='ocrx_word' id='word_1_126' title='bbox 394 1407 456 1442; x_wconf 87' lang='lat' dir='ltr'>vere</span> <span class='ocrx_word' id='word_1_127' title='bbox 468 1391 540 1443; x_wconf 88' lang='lat' dir='ltr'>dicas</span> <span class='ocrx_word' id='word_1_128' title='bbox 552 1391 670 1459; x_wconf 82' lang='lat' dir='ltr'>pretium</span> <span class='ocrx_word' id='word_1_129' title='bbox 687 1390 742 1443; x_wconf 84' lang='lat' dir='ltr'>sive</span> <span class='ocrx_word' id='word_1_130' title='bbox 757 1389 847 1444; x_wconf 79' lang='lat' dir='ltr'>frenus</span> <span class='ocrx_word' id='word_1_131' title='bbox 862 1392 931 1444; x_wconf 87' lang='lat' dir='ltr'>bene</span> <span class='ocrx_word' id='word_1_132' title='bbox 948 1390 1117 1456; x_wconf 88' lang='lat' dir='ltr'>collocatum,</span> <span class='ocrx_word' id='word_1_133' title='bbox 1132 1398 1160 1444; x_wconf 93' lang='lat' dir='ltr'>et</span> <span class='ocrx_word' id='word_1_134' title='bbox 1172 1409 1235 1445; x_wconf 84' lang='lat' dir='ltr'>suos</span> 
     </span>
     <span class='ocr_line' id='line_1_15' title="bbox 184 1458 1238 1529; baseline 0.002 -17"><span class='ocrx_word' id='word_1_135' title='bbox 184 1459 289 1512; x_wconf 76' lang='lat' dir='ltr'>fructus</span> <span class='ocrx_word' id='word_1_136' title='bbox 306 1460 425 1513; x_wconf 85' lang='lat' dir='ltr'>laturum</span> <span class='ocrx_word' id='word_1_137' title='bbox 434 1461 577 1514; x_wconf 81' lang='lat'>1—128.</span> <span class='ocrx_word' id='word_1_138' title='bbox 599 1461 719 1514; x_wconf 81' lang='lat' dir='ltr'>Vulnera</span> <span class='ocrx_word' id='word_1_139' title='bbox 731 1470 794 1514; x_wconf 80' lang='lat' dir='ltr'>surst</span> <span class='ocrx_word' id='word_1_140' title='bbox 804 1463 854 1513; x_wconf 83' lang='lat' dir='ltr'>irae</span> <span class='ocrx_word' id='word_1_141' title='bbox 861 1463 1043 1529; x_wconf 81' lang='lat' dir='ltr'>prosperiora</span> <span class='ocrx_word' id='word_1_142' title='bbox 1056 1458 1133 1529; x_wconf 72' lang='lat' dir='ltr'>tues]</span> <span class='ocrx_word' id='word_1_143' title='bbox 1158 1465 1238 1514; x_wconf 71' lang='lat' dir='ltr'>Irata</span> 
     </span>
     <span class='ocr_line' id='line_1_16' title="bbox 184 1531 1232 1600; baseline 0.001 -16"><span class='ocrx_word' id='word_1_144' title='bbox 184 1531 219 1584; x_wconf 89' lang='lat' dir='ltr'>de</span> <span class='ocrx_word' id='word_1_145' title='bbox 230 1531 425 1598; x_wconf 82' lang='lat' dir='ltr'>congressione,</span> <span class='ocrx_word' id='word_1_146' title='bbox 437 1531 519 1595; x_wconf 83' lang='lat' dir='ltr'>lucta,</span> <span class='ocrx_word' id='word_1_147' title='bbox 531 1531 625 1584; x_wconf 88' lang='lat' dir='ltr'>ardore</span> <span class='ocrx_word' id='word_1_148' title='bbox 633 1531 813 1600; x_wconf 82' lang='lat' dir='ltr'>pugnantium</span> <span class='ocrx_word' id='word_1_149' title='bbox 823 1549 893 1600; x_wconf 85' lang='lat' dir='ltr'>saepe</span> <span class='ocrx_word' id='word_1_150' title='bbox 905 1531 970 1584; x_wconf 90' lang='lat' dir='ltr'>dicit</span> <span class='ocrx_word' id='word_1_151' title='bbox 984 1531 1095 1596; x_wconf 81' lang='lat' dir='ltr'>Statius,</span> <span class='ocrx_word' id='word_1_152' title='bbox 1107 1539 1139 1584; x_wconf 92' lang='lat' dir='ltr'>ut</span> <span class='ocrx_word' id='word_1_153' title='bbox 1149 1532 1232 1586; x_wconf 85' lang='lat' dir='ltr'>Theb</span> 
     </span>
     <span class='ocr_line' id='line_1_17' title="bbox 184 1601 1235 1658; baseline 0.005 -6"><span class='ocrx_word' id='word_1_154' title='bbox 184 1601 220 1655; x_wconf 80' lang='lat' dir='ltr'>ri.</span> <span class='ocrx_word' id='word_1_155' title='bbox 235 1606 302 1654; x_wconf 84' lang='lat'>746:</span> <span class='ocrx_word' id='word_1_156' title='bbox 324 1601 418 1654; x_wconf 80' lang='lat' dir='ltr'><strong><em>Simili</em></strong></span> <span class='ocrx_word' id='word_1_157' title='bbox 429 1610 543 1654; x_wconf 87' lang='lat' dir='ltr'>stantem</span> <span class='ocrx_word' id='word_1_158' title='bbox 553 1603 668 1654; x_wconf 86' lang='lat' dir='ltr'>miratus</span> <span class='ocrx_word' id='word_1_159' title='bbox 681 1603 710 1654; x_wconf 85' lang='lat' dir='ltr'>in</span> <span class='ocrx_word' id='word_1_160' title='bbox 722 1604 775 1654; x_wconf 87' lang='lat' dir='ltr'>ira.</span> <span class='ocrx_word' id='word_1_161' title='bbox 813 1601 896 1654; x_wconf 85' lang='lat' dir='ltr'>Plura</span> <span class='ocrx_word' id='word_1_162' title='bbox 907 1601 982 1654; x_wconf 88' lang='lat' dir='ltr'>dabit</span> <span class='ocrx_word' id='word_1_163' title='bbox 993 1601 1088 1655; x_wconf 80' lang='lat' dir='ltr'>Barth.</span> <span class='ocrx_word' id='word_1_164' title='bbox 1101 1603 1136 1654; x_wconf 85' lang='lat' dir='ltr'>ed</span> <span class='ocrx_word' id='word_1_165' title='bbox 1149 1603 1235 1658; x_wconf 86' lang='lat' dir='ltr'>Theb.</span> 
     </span>
     <span class='ocr_line' id='line_1_18' title="bbox 184 1671 1236 1742; baseline 0.002 -19"><span class='ocrx_word' id='word_1_166' title='bbox 184 1671 221 1726; x_wconf 82' lang='lat' dir='ltr'>ix.</span> <span class='ocrx_word' id='word_1_167' title='bbox 236 1675 296 1724; x_wconf 83' lang='grc'><strong>783.</strong></span> <span class='ocrx_word' id='word_1_168' title='bbox 334 1671 407 1724; x_wconf 87' lang='lat' dir='ltr'>Hinc</span> <span class='ocrx_word' id='word_1_169' title='bbox 426 1673 537 1725; x_wconf 86' lang='lat' dir='ltr'>vulnera</span> <span class='ocrx_word' id='word_1_170' title='bbox 557 1673 590 1725; x_wconf 86' lang='lat' dir='ltr'>ab</span> <span class='ocrx_word' id='word_1_171' title='bbox 609 1689 640 1725; x_wconf 88' lang='lat' dir='ltr'>ea</span> <span class='ocrx_word' id='word_1_172' title='bbox 652 1671 692 1724; x_wconf 86' lang='lat' dir='ltr'>ira</span> <span class='ocrx_word' id='word_1_173' title='bbox 708 1671 839 1740; x_wconf 84' lang='lat' dir='ltr'>proficisci</span> <span class='ocrx_word' id='word_1_174' title='bbox 856 1671 921 1724; x_wconf 86' lang='lat' dir='ltr'>dicit</span> <span class='ocrx_word' id='word_1_175' title='bbox 934 1678 1036 1736; x_wconf 88' lang='lat' dir='ltr'>auctor,</span> <span class='ocrx_word' id='word_1_176' title='bbox 1050 1689 1111 1742; x_wconf 83' lang='lat' dir='ltr'>quae</span> <span class='ocrx_word' id='word_1_177' title='bbox 1124 1674 1236 1725; x_wconf 86' lang='lat' dir='ltr'>vulnera</span> 
     </span>
     <span class='ocr_line' id='line_1_19' title="bbox 184 1741 1235 1810; baseline 0.001 -15"><span class='ocrx_word' id='word_1_178' title='bbox 184 1743 310 1795; x_wconf 76' lang='lat' dir='ltr'>nocturni</span> <span class='ocrx_word' id='word_1_179' title='bbox 317 1743 414 1810; x_wconf 74' lang='lat' dir='ltr'>prelii</span> <span class='ocrx_word' id='word_1_180' title='bbox 425 1748 504 1795; x_wconf 88' lang='lat' dir='ltr'>vocat</span> <span class='ocrx_word' id='word_1_181' title='bbox 517 1741 613 1795; x_wconf 84' lang='lat' dir='ltr'>Claud.</span> <span class='ocrx_word' id='word_1_182' title='bbox 628 1741 758 1796; x_wconf 84' lang='lat' dir='ltr'>Fescenu.</span> <span class='ocrx_word' id='word_1_183' title='bbox 771 1747 797 1806; x_wconf 87' lang='grc'>4,</span> <span class='ocrx_word' id='word_1_184' title='bbox 811 1747 989 1795; x_wconf 86' lang='lat' dir='ltr'>29.——-l32.</span> <span class='ocrx_word' id='word_1_185' title='bbox 1003 1743 1082 1795; x_wconf 89' lang='lat' dir='ltr'>Novo</span> <span class='ocrx_word' id='word_1_186' title='bbox 1095 1743 1159 1796; x_wconf 80' lang='lat' dir='ltr'>lata</span> <span class='ocrx_word' id='word_1_187' title='bbox 1172 1761 1235 1796; x_wconf 89' lang='lat' dir='ltr'>cru-</span> 
     </span>
     <span class='ocr_line' id='line_1_20' title="bbox 185 1808 1234 1880; baseline 0 -14"><span class='ocrx_word' id='word_1_188' title='bbox 185 1808 257 1879; x_wconf 80' lang='lat' dir='ltr'>ore]</span> <span class='ocrx_word' id='word_1_189' title='bbox 278 1811 444 1866; x_wconf 84' lang='lat' dir='ltr'><strong>Claudianus</strong></span> <span class='ocrx_word' id='word_1_190' title='bbox 463 1814 580 1880; x_wconf 71' lang='lat' dir='ltr'>virainei</span> <span class='ocrx_word' id='word_1_191' title='bbox 597 1814 702 1865; x_wconf 89' lang='lat' dir='ltr'>cruoris</span> <span class='ocrx_word' id='word_1_192' title='bbox 720 1811 844 1864; x_wconf 89' lang='lat' dir='ltr'>meminit</span> <span class='ocrx_word' id='word_1_193' title='bbox 862 1811 991 1864; x_wconf 85' lang='lat' dir='ltr'>Fescenn.</span> <span class='ocrx_word' id='word_1_194' title='bbox 1011 1817 1037 1877; x_wconf 91' lang='lat'>4,</span> <span class='ocrx_word' id='word_1_195' title='bbox 1057 1816 1234 1867; x_wconf 80' lang='lat'>27.-139.</span> 
     </span>
     <span class='ocr_line' id='line_1_21' title="bbox 186 1878 1234 1950; baseline 0.002 -16"><span class='ocrx_word' id='word_1_196' title='bbox 186 1883 341 1950; x_wconf 77' lang='lat' dir='ltr'>Pereiqiles</span> <span class='ocrx_word' id='word_1_197' title='bbox 359 1885 517 1950; x_wconf 84' lang='lat' dir='ltr'>impendunt</span> <span class='ocrx_word' id='word_1_198' title='bbox 533 1900 554 1936; x_wconf 84' lang='lat' dir='ltr'>s.</span> <span class='ocrx_word' id='word_1_199' title='bbox 574 1878 696 1949; x_wconf 88' lang='lat' dir='ltr'>labores]</span> <span class='ocrx_word' id='word_1_200' title='bbox 729 1883 882 1948; x_wconf 76' lang='lat' dir='ltr'>Peroiqiles</span> <span class='ocrx_word' id='word_1_201' title='bbox 901 1888 959 1935; x_wconf 88' lang='lat' dir='ltr'>tota</span> <span class='ocrx_word' id='word_1_202' title='bbox 975 1889 1055 1935; x_wconf 87' lang='lat' dir='ltr'>nocte</span> <span class='ocrx_word' id='word_1_203' title='bbox 1074 1883 1234 1937; x_wconf 87' lang='lat' dir='ltr'>tolerandos.</span> 
     </span>
     <span class='ocr_line' id='line_1_22' title="bbox 186 1951 1234 2021; baseline 0.003 -17"><span class='ocrx_word' id='word_1_204' title='bbox 186 1953 350 2020; x_wconf 83' lang='lat' dir='ltr'>impendunt,</span> <span class='ocrx_word' id='word_1_205' title='bbox 366 1959 414 2005; x_wconf 87' lang='lat' dir='ltr'>tua</span> <span class='ocrx_word' id='word_1_206' title='bbox 426 1970 506 2005; x_wconf 87' lang='lat' dir='ltr'>causa</span> <span class='ocrx_word' id='word_1_207' title='bbox 519 1959 636 2016; x_wconf 87' lang='lat' dir='ltr'>movent,</span> <span class='ocrx_word' id='word_1_208' title='bbox 651 1952 778 2018; x_wconf 77' lang='lat' dir='ltr'>excitant,</span> <span class='ocrx_word' id='word_1_209' title='bbox 793 1952 840 2004; x_wconf 94' lang='lat' dir='ltr'>sed</span> <span class='ocrx_word' id='word_1_210' title='bbox 855 1951 952 2004; x_wconf 90' lang='lat' dir='ltr'>melius</span> <span class='ocrx_word' id='word_1_211' title='bbox 964 1952 1070 2005; x_wconf 77' lang='lat' dir='ltr'>ridetur</span> <span class='ocrx_word' id='word_1_212' title='bbox 1086 1953 1175 2021; x_wconf 82' lang='lat' dir='ltr'>legere</span> <span class='ocrx_word' id='word_1_213' title='bbox 1192 1956 1234 2007; x_wconf 89' lang='lat' dir='ltr'>in·</span> 
     </span>
     <span class='ocr_line' id='line_1_23' title="bbox 186 2021 1238 2092; baseline 0 -16"><span class='ocrx_word' id='word_1_214' title='bbox 186 2025 296 2076; x_wconf 88' lang='lat' dir='ltr'>tendunt</span> <span class='ocrx_word' id='word_1_215' title='bbox 308 2023 351 2074; x_wconf 86' lang='lat' dir='ltr'>vel</span> <span class='ocrx_word' id='word_1_216' title='bbox 363 2025 504 2076; x_wconf 83' lang='lat' dir='ltr'>intentant.</span> <span class='ocrx_word' id='word_1_217' title='bbox 530 2021 608 2092; x_wconf 81' lang='lat' dir='ltr'>Virg.</span> <span class='ocrx_word' id='word_1_218' title='bbox 619 2021 684 2076; x_wconf 89' lang='lat' dir='ltr'>AEn.</span> <span class='ocrx_word' id='word_1_219' title='bbox 697 2022 715 2076; x_wconf 94' lang='lat' dir='ltr'>i.</span> <span class='ocrx_word' id='word_1_220' title='bbox 729 2027 761 2074; x_wconf 89' lang='lat'>91</span> <span class='ocrx_word' id='word_1_221' title='bbox 777 2041 783 2074; x_wconf 77' lang='grc' dir='ltr'><strong>ε</strong></span> <span class='ocrx_word' id='word_1_222' title='bbox 797 2024 1014 2091; x_wconf 83' lang='lat' dir='ltr'>Proesentemque</span> <span class='ocrx_word' id='word_1_223' title='bbox 1023 2025 1091 2076; x_wconf 86' lang='lat' dir='ltr'>airis</span> <span class='ocrx_word' id='word_1_224' title='bbox 1104 2026 1238 2077; x_wconf 85' lang='lat' dir='ltr'>intentant</span> 
     </span>
     <span class='ocr_line' id='line_1_24' title="bbox 184 2092 1237 2160; baseline 0.002 -14"><span class='ocrx_word' id='word_1_225' title='bbox 184 2096 276 2146; x_wconf 88' lang='lat' dir='ltr'>omnia</span> <span class='ocrx_word' id='word_1_226' title='bbox 294 2101 415 2147; x_wconf 87' lang='lat' dir='ltr'>mortem.</span> <span class='ocrx_word' id='word_1_227' title='bbox 454 2092 550 2147; x_wconf 86' lang='lat' dir='ltr'>Claud.</span> <span class='ocrx_word' id='word_1_228' title='bbox 570 2093 600 2144; x_wconf 91' lang='lat' dir='ltr'>in</span> <span class='ocrx_word' id='word_1_229' title='bbox 618 2092 682 2146; x_wconf 88' lang='lat' dir='ltr'>Ruf.</span> <span class='ocrx_word' id='word_1_230' title='bbox 701 2093 720 2145; x_wconf 93' lang='lat' dir='ltr'>i.</span> <span class='ocrx_word' id='word_1_231' title='bbox 740 2097 790 2146; x_wconf 81' lang='lat'>88:</span> <span class='ocrx_word' id='word_1_232' title='bbox 812 2094 929 2160; x_wconf 84' lang='lat' dir='ltr'>Populis</span> <span class='ocrx_word' id='word_1_233' title='bbox 947 2111 1081 2146; x_wconf 86' lang='lat' dir='ltr'>commune</span> <span class='ocrx_word' id='word_1_234' title='bbox 1099 2095 1237 2148; x_wconf 81' lang='lat' dir='ltr'>intendere</span> 
     </span>
     <span class='ocr_line' id='line_1_25' title="bbox 185 2163 1237 2232; baseline 0.001 -16"><span class='ocrx_word' id='word_1_235' title='bbox 185 2164 274 2216; x_wconf 74' lang='lat' dir='ltr'>lenem.</span> <span class='ocrx_word' id='word_1_236' title='bbox 303 2163 396 2216; x_wconf 90' lang='lat' dir='ltr'>Nolim</span> <span class='ocrx_word' id='word_1_237' title='bbox 408 2170 498 2216; x_wconf 85' lang='lat' dir='ltr'>tamen</span> <span class='ocrx_word' id='word_1_238' title='bbox 512 2180 635 2232; x_wconf 87' lang='lat' dir='ltr'>spernere</span> <span class='ocrx_word' id='word_1_239' title='bbox 648 2163 861 2215; x_wconf 89' lang='lat' dir='ltr'>emendationem</span> <span class='ocrx_word' id='word_1_240' title='bbox 872 2163 994 2215; x_wconf 89' lang='lat' dir='ltr'>Withofii</span> <span class='ocrx_word' id='word_1_241' title='bbox 1002 2165 1237 2231; x_wconf 82' lang='lat' dir='ltr'>impendent—-</span> 
     </span>
     <span class='ocr_line' id='line_1_26' title="bbox 188 2230 1237 2302; baseline 0.002 -16"><span class='ocrx_word' id='word_1_242' title='bbox 188 2237 246 2287; x_wconf 90' lang='lat'>140.</span> <span class='ocrx_word' id='word_1_243' title='bbox 260 2233 373 2298; x_wconf 85' lang='lat' dir='ltr'>Imbres,</span> <span class='ocrx_word' id='word_1_244' title='bbox 389 2235 552 2302; x_wconf 73' lang='lat' dir='ltr'>insidjurp.</span> <span class='ocrx_word' id='word_1_245' title='bbox 567 2236 593 2287; x_wconf 90' lang='lat' dir='ltr'>d.</span> <span class='ocrx_word' id='word_1_246' title='bbox 607 2230 706 2300; x_wconf 75' lang='lat' dir='ltr'>nives]</span> <span class='ocrx_word' id='word_1_247' title='bbox 732 2232 792 2285; x_wconf 91' lang='lat' dir='ltr'>Hos</span> <span class='ocrx_word' id='word_1_248' title='bbox 804 2233 907 2286; x_wconf 87' lang='lat' dir='ltr'>labores</span> <span class='ocrx_word' id='word_1_249' title='bbox 920 2233 1071 2287; x_wconf 85' lang='lat' dir='ltr'>amantibus</span> <span class='ocrx_word' id='word_1_250' title='bbox 1084 2235 1237 2288; x_wconf 89' lang='lat' dir='ltr'>subeundos</span> 
     </span>
     <span class='ocr_line' id='line_1_27' title="bbox 185 2303 1235 2374; baseline 0.002 -18"><span class='ocrx_word' id='word_1_251' title='bbox 185 2304 283 2372; x_wconf 91' lang='lat' dir='ltr'>repetit</span> <span class='ocrx_word' id='word_1_252' title='bbox 295 2321 328 2356; x_wconf 85' lang='lat' dir='ltr'>ex</span> <span class='ocrx_word' id='word_1_253' title='bbox 341 2303 447 2370; x_wconf 88' lang='lat' dir='ltr'>Ovidio,</span> <span class='ocrx_word' id='word_1_254' title='bbox 463 2304 510 2374; x_wconf 91' lang='lat' dir='ltr'>qui</span> <span class='ocrx_word' id='word_1_255' title='bbox 522 2303 585 2357; x_wconf 90' lang='lat' dir='ltr'>Am.</span> <span class='ocrx_word' id='word_1_256' title='bbox 599 2303 617 2356; x_wconf 92' lang='lat' dir='ltr'>i.</span> <span class='ocrx_word' id='word_1_257' title='bbox 632 2309 657 2368; x_wconf 91' lang='lat'>9,</span> <span class='ocrx_word' id='word_1_258' title='bbox 673 2309 688 2356; x_wconf 90' lang='lat'><strong>9</strong></span> <span class='ocrx_word' id='word_1_259' title='bbox 701 2320 759 2372; x_wconf 89' lang='lat' dir='ltr'>sqq.</span> <span class='ocrx_word' id='word_1_260' title='bbox 769 2310 904 2356; x_wconf 89' lang='lat' dir='ltr'>amantem</span> <span class='ocrx_word' id='word_1_261' title='bbox 917 2321 978 2356; x_wconf 91' lang='lat' dir='ltr'>cum</span> <span class='ocrx_word' id='word_1_262' title='bbox 990 2303 1076 2357; x_wconf 90' lang='lat' dir='ltr'>milite</span> <span class='ocrx_word' id='word_1_263' title='bbox 1089 2313 1235 2374; x_wconf 89' lang='lat' dir='ltr'>comparat,</span> 
     </span>
     <span class='ocr_line' id='line_1_28' title="bbox 186 2373 1235 2445; baseline 0.003 -19"><span class='ocrx_word' id='word_1_264' title='bbox 186 2379 301 2444; x_wconf 88' lang='lat' dir='ltr'>eumqu&#39;e</span> <span class='ocrx_word' id='word_1_265' title='bbox 313 2374 414 2443; x_wconf 87' lang='lat' dir='ltr'>pariter</span> <span class='ocrx_word' id='word_1_266' title='bbox 425 2374 530 2426; x_wconf 82' lang='lat' dir='ltr'>viarum</span> <span class='ocrx_word' id='word_1_267' title='bbox 542 2374 688 2440; x_wconf 85' lang='lat' dir='ltr'>molestias,</span> <span class='ocrx_word' id='word_1_268' title='bbox 702 2373 803 2443; x_wconf 84' lang='lat' dir='ltr'>frigora</span> <span class='ocrx_word' id='word_1_269' title='bbox 818 2375 913 2438; x_wconf 90' lang='lat' dir='ltr'>noctis,</span> <span class='ocrx_word' id='word_1_270' title='bbox 928 2373 1026 2427; x_wconf 85' lang='lat' dir='ltr'>imbres</span> <span class='ocrx_word' id='word_1_271' title='bbox 1043 2375 1170 2444; x_wconf 90' lang='lat' dir='ltr'>nivesque</span> <span class='ocrx_word' id='word_1_272' title='bbox 1186 2394 1235 2445; x_wconf 91' lang='lat' dir='ltr'>pa·</span> 
     </span>
     <span class='ocr_line' id='line_1_29' title="bbox 185 2441 1237 2513; baseline 0.003 -17"><span class='ocrx_word' id='word_1_273' title='bbox 185 2443 284 2497; x_wconf 81' lang='lat' dir='ltr'>tientes</span> <span class='ocrx_word' id='word_1_274' title='bbox 304 2445 374 2496; x_wconf 86' lang='lat' dir='ltr'>ferre</span> <span class='ocrx_word' id='word_1_275' title='bbox 399 2449 615 2498; x_wconf 79' lang='lat' dir='ltr'>narrat—41.</span> <span class='ocrx_word' id='word_1_276' title='bbox 642 2445 819 2497; x_wconf 79' lang='lat' dir='ltr'>Commendas</span> <span class='ocrx_word' id='word_1_277' title='bbox 840 2446 925 2497; x_wconf 91' lang='lat' dir='ltr'>corda</span> <span class='ocrx_word' id='word_1_278' title='bbox 946 2441 1083 2513; x_wconf 65' lang='lat' dir='ltr'>tyranni]</span> <span class='ocrx_word' id='word_1_279' title='bbox 1107 2445 1181 2510; x_wconf 85' lang='lat' dir='ltr'>facis,</span> <span class='ocrx_word' id='word_1_280' title='bbox 1205 2453 1237 2499; x_wconf 94' lang='lat' dir='ltr'>ut</span> 
     </span>
     <span class='ocr_line' id='line_1_30' title="bbox 185 2513 1236 2584; baseline 0.002 -18"><span class='ocrx_word' id='word_1_281' title='bbox 185 2514 293 2568; x_wconf 87' lang='lat' dir='ltr'>mitiora</span> <span class='ocrx_word' id='word_1_282' title='bbox 304 2521 332 2568; x_wconf 91' lang='lat' dir='ltr'>et</span> <span class='ocrx_word' id='word_1_283' title='bbox 343 2513 519 2567; x_wconf 86' lang='lat' dir='ltr'>laudabiliora</span> <span class='ocrx_word' id='word_1_284' title='bbox 530 2515 814 2568; x_wconf 68' lang='lat' dir='ltr'>videantur—144.</span> <span class='ocrx_word' id='word_1_285' title='bbox 827 2514 944 2568; x_wconf 76' lang='lat' dir='ltr'>Erratis</span> <span class='ocrx_word' id='word_1_286' title='bbox 957 2517 991 2568; x_wconf 92' lang='lat' dir='ltr'>ir.</span> <span class='ocrx_word' id='word_1_287' title='bbox 1005 2516 1059 2568; x_wconf 84' lang='lat' dir='ltr'>tela</span> <span class='ocrx_word' id='word_1_288' title='bbox 1072 2517 1131 2568; x_wconf 89' lang='lat' dir='ltr'>tris.</span> <span class='ocrx_word' id='word_1_289' title='bbox 1144 2513 1236 2584; x_wconf 65' lang='lat' dir='ltr'>Jove]</span> 
     </span>
    </p>
   </div>
   <div class='ocr_carea' id='block_1_3' title="bbox 179 2696 1237 4164">
    <p class='ocr_par' dir='ltr' id='par_1_3' title="bbox 179 2696 1237 4163">
     <span class='ocr_line' id='line_1_31' title="bbox 220 2696 1236 2762; baseline 0.001 -16"><span class='ocrx_word' id='word_1_290' title='bbox 220 2701 274 2747; x_wconf 87' lang='lat'>123.</span> <span class='ocrx_word' id='word_1_291' title='bbox 294 2698 426 2761; x_wconf 71' lang='lat' dir='ltr'>decretaque</span> <span class='ocrx_word' id='word_1_292' title='bbox 436 2704 498 2746; x_wconf 89' lang='lat' dir='ltr'>certa</span> <span class='ocrx_word' id='word_1_293' title='bbox 509 2698 633 2761; x_wconf 75' lang='lat' dir='ltr'>loquuntur</span> <span class='ocrx_word' id='word_1_294' title='bbox 645 2698 675 2746; x_wconf 91' lang='lat' dir='ltr'>B.</span> <span class='ocrx_word' id='word_1_295' title='bbox 688 2698 726 2746; x_wconf 90' lang='lat' dir='ltr'>Pi.</span> <span class='ocrx_word' id='word_1_296' title='bbox 744 2699 775 2746; x_wconf 95' lang='grc' dir='ltr'>Ο.</span> <span class='ocrx_word' id='word_1_297' title='bbox 793 2696 850 2759; x_wconf 87' lang='lat' dir='ltr'>Bip.</span> <span class='ocrx_word' id='word_1_298' title='bbox 867 2706 949 2745; x_wconf 85' lang='lat' dir='ltr'>cuncta</span> <span class='ocrx_word' id='word_1_299' title='bbox 959 2699 1002 2760; x_wconf 85' lang='lat' dir='ltr'>loq</span> <span class='ocrx_word' id='word_1_300' title='bbox 1019 2697 1050 2746; x_wconf 93' lang='lat' dir='ltr'>V.</span> <span class='ocrx_word' id='word_1_301' title='bbox 1068 2707 1129 2746; x_wconf 85' lang='lat' dir='ltr'>certa</span> <span class='ocrx_word' id='word_1_302' title='bbox 1139 2716 1236 2762; x_wconf 80' lang='lat' dir='ltr'>sequun-</span> 
     </span>
     <span class='ocr_line' id='line_1_32' title="bbox 184 2762 1235 2825; baseline 0.002 -15"><span class='ocrx_word' id='word_1_303' title='bbox 184 2771 223 2810; x_wconf 92' lang='lat' dir='ltr'>tur</span> <span class='ocrx_word' id='word_1_304' title='bbox 236 2765 268 2810; x_wconf 88' lang='lat' dir='ltr'>G.</span> <span class='ocrx_word' id='word_1_305' title='bbox 287 2772 369 2811; x_wconf 85' lang='lat' dir='ltr'>cuneta</span> <span class='ocrx_word' id='word_1_306' title='bbox 379 2766 484 2811; x_wconf 76' lang='lat' dir='ltr'>locamur</span> <span class='ocrx_word' id='word_1_307' title='bbox 492 2763 520 2810; x_wconf 93' lang='lat' dir='ltr'>L.</span> <span class='ocrx_word' id='word_1_308' title='bbox 534 2762 602 2825; x_wconf 89' lang='lat' dir='ltr'>quod</span> <span class='ocrx_word' id='word_1_309' title='bbox 612 2762 736 2824; x_wconf 89' lang='lat' dir='ltr'>optimum</span> <span class='ocrx_word' id='word_1_310' title='bbox 747 2770 790 2810; x_wconf 88' lang='lat' dir='ltr'>est.</span> <span class='ocrx_word' id='word_1_311' title='bbox 827 2768 879 2812; x_wconf 85' lang='lat'>124.</span> <span class='ocrx_word' id='word_1_312' title='bbox 897 2765 979 2811; x_wconf 84' lang='lat' dir='ltr'>Ouere</span> <span class='ocrx_word' id='word_1_313' title='bbox 990 2770 1092 2810; x_wconf 84' lang='lat' dir='ltr'>nostrum</span> <span class='ocrx_word' id='word_1_314' title='bbox 1102 2764 1133 2810; x_wconf 91' lang='lat' dir='ltr'>V.</span> <span class='ocrx_word' id='word_1_315' title='bbox 1147 2765 1190 2812; x_wconf 89' lang='lat' dir='ltr'>Gr.</span> <span class='ocrx_word' id='word_1_316' title='bbox 1204 2766 1235 2812; x_wconf 91' lang='lat' dir='ltr'>G.</span> 
     </span>
     <span class='ocr_line' id='line_1_33' title="bbox 179 2826 1235 2890; baseline 0.001 -15"><span class='ocrx_word' id='word_1_317' title='bbox 179 2830 276 2890; x_wconf 74' lang='lat' dir='ltr'>fruetis.</span> <span class='ocrx_word' id='word_1_318' title='bbox 286 2846 358 2889; x_wconf 73' lang='lat' dir='ltr'>penus</span> <span class='ocrx_word' id='word_1_319' title='bbox 371 2828 402 2876; x_wconf 88' lang='lat' dir='ltr'>V.</span> <span class='ocrx_word' id='word_1_320' title='bbox 445 2831 498 2876; x_wconf 83' lang='lat'>126.</span> <span class='ocrx_word' id='word_1_321' title='bbox 513 2830 725 2890; x_wconf 71' lang='lat' dir='ltr'>Maximequaeque</span> <span class='ocrx_word' id='word_1_322' title='bbox 739 2828 767 2874; x_wconf 90' lang='grc' dir='ltr'>Β.</span> <span class='ocrx_word' id='word_1_323' title='bbox 784 2827 821 2874; x_wconf 92' lang='lat' dir='ltr'>Pi.</span> <span class='ocrx_word' id='word_1_324' title='bbox 837 2827 868 2875; x_wconf 93' lang='lat'>0.</span> <span class='ocrx_word' id='word_1_325' title='bbox 883 2828 918 2874; x_wconf 91' lang='lat' dir='ltr'>H.</span> <span class='ocrx_word' id='word_1_326' title='bbox 933 2826 989 2888; x_wconf 87' lang='lat' dir='ltr'>Bip.</span> <span class='ocrx_word' id='word_1_327' title='bbox 1004 2835 1028 2874; x_wconf 86' lang='lat' dir='ltr'>et</span> <span class='ocrx_word' id='word_1_328' title='bbox 1040 2827 1101 2874; x_wconf 84' lang='lat' dir='ltr'>aliae.</span> <span class='ocrx_word' id='word_1_329' title='bbox 1122 2828 1235 2890; x_wconf 79' lang='lat' dir='ltr'>aedqua-</span> 
     </span>
     <span class='ocr_line' id='line_1_34' title="bbox 186 2891 1237 2955; baseline 0.003 -17"><span class='ocrx_word' id='word_1_330' title='bbox 186 2909 229 2954; x_wconf 80' lang='lat' dir='ltr'>que</span> <span class='ocrx_word' id='word_1_331' title='bbox 238 2892 301 2939; x_wconf 89' lang='lat' dir='ltr'>nihil</span> <span class='ocrx_word' id='word_1_332' title='bbox 310 2892 440 2940; x_wconf 88' lang='lat' dir='ltr'>sublimius</span> <span class='ocrx_word' id='word_1_333' title='bbox 452 2892 531 2948; x_wconf 88' lang='lat' dir='ltr'>infert,</span> <span class='ocrx_word' id='word_1_334' title='bbox 542 2909 617 2955; x_wconf 88' lang='lat' dir='ltr'>quam</span> <span class='ocrx_word' id='word_1_335' title='bbox 629 2891 696 2954; x_wconf 93' lang='lat' dir='ltr'>quod</span> <span class='ocrx_word' id='word_1_336' title='bbox 707 2900 763 2939; x_wconf 88' lang='lat' dir='ltr'>ante</span> <span class='ocrx_word' id='word_1_337' title='bbox 775 2891 865 2952; x_wconf 88' lang='lat' dir='ltr'>posuit,</span> <span class='ocrx_word' id='word_1_338' title='bbox 880 2893 969 2939; x_wconf 85' lang='lat' dir='ltr'>Cedunt</span> <span class='ocrx_word' id='word_1_339' title='bbox 976 2899 1057 2938; x_wconf 89' lang='lat' dir='ltr'>cuncta</span> <span class='ocrx_word' id='word_1_340' title='bbox 1068 2894 1117 2938; x_wconf 83' lang='lat' dir='ltr'>tibi.</span> <span class='ocrx_word' id='word_1_341' title='bbox 1153 2893 1237 2955; x_wconf 83' lang='lat' dir='ltr'>Igitur</span> 
     </span>
     <span class='ocr_line' id='line_1_35' title="bbox 185 2955 1237 3019; baseline 0.002 -17"><span class='ocrx_word' id='word_1_342' title='bbox 185 2957 259 3019; x_wconf 87' lang='lat' dir='ltr'>longe</span> <span class='ocrx_word' id='word_1_343' title='bbox 276 2957 363 3004; x_wconf 88' lang='lat' dir='ltr'>melior</span> <span class='ocrx_word' id='word_1_344' title='bbox 378 2957 452 3004; x_wconf 83' lang='lat' dir='ltr'>lectio</span> <span class='ocrx_word' id='word_1_345' title='bbox 469 2959 571 3003; x_wconf 72' lang='lat' dir='ltr'>maciem</span> <span class='ocrx_word' id='word_1_346' title='bbox 587 2965 683 3019; x_wconf 86' lang='lat' dir='ltr'>sceptra,</span> <span class='ocrx_word' id='word_1_347' title='bbox 695 2972 770 3018; x_wconf 87' lang='lat' dir='ltr'>quam</span> <span class='ocrx_word' id='word_1_348' title='bbox 786 2958 877 3002; x_wconf 86' lang='lat' dir='ltr'>habent</span> <span class='ocrx_word' id='word_1_349' title='bbox 890 2955 921 3004; x_wconf 85' lang='lat' dir='ltr'>V.</span> <span class='ocrx_word' id='word_1_350' title='bbox 939 2956 982 3003; x_wconf 88' lang='lat' dir='ltr'>Gr.</span> <span class='ocrx_word' id='word_1_351' title='bbox 996 2955 1026 3004; x_wconf 87' lang='lat' dir='ltr'>L.</span> <span class='ocrx_word' id='word_1_352' title='bbox 1042 2957 1072 3003; x_wconf 94' lang='lat' dir='ltr'>G.</span> <span class='ocrx_word' id='word_1_353' title='bbox 1120 2959 1172 3005; x_wconf 82' lang='lat'>127.</span> <span class='ocrx_word' id='word_1_354' title='bbox 1187 2960 1237 3004; x_wconf 91' lang='lat' dir='ltr'>Nec</span> 
     </span>
     <span class='ocr_line' id='line_1_36' title="bbox 185 3019 1235 3082; baseline 0.001 -13"><span class='ocrx_word' id='word_1_355' title='bbox 185 3024 304 3070; x_wconf 85' lang='lat' dir='ltr'>subtracta</span> <span class='ocrx_word' id='word_1_356' title='bbox 313 3039 370 3082; x_wconf 73' lang='lat' dir='ltr'>pem.</span> <span class='ocrx_word' id='word_1_357' title='bbox 385 3022 414 3068; x_wconf 91' lang='lat' dir='ltr'>B.</span> <span class='ocrx_word' id='word_1_358' title='bbox 427 3021 465 3068; x_wconf 91' lang='lat' dir='ltr'>Pi.</span> <span class='ocrx_word' id='word_1_359' title='bbox 479 3022 509 3069; x_wconf 93' lang='lat'>0.</span> <span class='ocrx_word' id='word_1_360' title='bbox 523 3028 547 3068; x_wconf 90' lang='lat' dir='ltr'>et</span> <span class='ocrx_word' id='word_1_361' title='bbox 559 3020 619 3067; x_wconf 86' lang='lat' dir='ltr'>aliae.</span> <span class='ocrx_word' id='word_1_362' title='bbox 639 3023 697 3068; x_wconf 80' lang='lat' dir='ltr'>Hac</span> <span class='ocrx_word' id='word_1_363' title='bbox 708 3023 778 3068; x_wconf 80' lang='lat' dir='ltr'>subtr.</span> <span class='ocrx_word' id='word_1_364' title='bbox 797 3021 827 3067; x_wconf 97' lang='lat' dir='ltr'>R.</span> <span class='ocrx_word' id='word_1_365' title='bbox 850 3022 900 3067; x_wconf 90' lang='lat' dir='ltr'>Nec</span> <span class='ocrx_word' id='word_1_366' title='bbox 910 3022 1008 3081; x_wconf 67' lang='lat' dir='ltr'>subjecta</span> <span class='ocrx_word' id='word_1_367' title='bbox 1021 3020 1052 3067; x_wconf 92' lang='lat' dir='ltr'>V.</span> <span class='ocrx_word' id='word_1_368' title='bbox 1064 3021 1107 3067; x_wconf 88' lang='lat' dir='ltr'>Gr.</span> <span class='ocrx_word' id='word_1_369' title='bbox 1120 3019 1149 3068; x_wconf 91' lang='lat' dir='ltr'>P.</span> <span class='ocrx_word' id='word_1_370' title='bbox 1160 3022 1190 3068; x_wconf 90' lang='lat' dir='ltr'>L.</span> <span class='ocrx_word' id='word_1_371' title='bbox 1204 3023 1235 3070; x_wconf 93' lang='lat' dir='ltr'>G.</span> 
     </span>
     <span class='ocr_line' id='line_1_37' title="bbox 186 3084 1235 3146; baseline 0.002 -14"><span class='ocrx_word' id='word_1_372' title='bbox 186 3102 209 3133; x_wconf 88' lang='lat' dir='ltr'>se</span> <span class='ocrx_word' id='word_1_373' title='bbox 228 3103 251 3132; x_wconf 86' lang='lat' dir='ltr'>se</span> <span class='ocrx_word' id='word_1_374' title='bbox 270 3088 315 3133; x_wconf 83' lang='lat' dir='ltr'>sibi</span> <span class='ocrx_word' id='word_1_375' title='bbox 331 3089 424 3133; x_wconf 82' lang='lat' dir='ltr'>subdere</span> <span class='ocrx_word' id='word_1_376' title='bbox 444 3086 475 3132; x_wconf 92' lang='lat' dir='ltr'>R.</span> <span class='ocrx_word' id='word_1_377' title='bbox 497 3086 528 3132; x_wconf 91' lang='lat' dir='ltr'>G.</span> <span class='ocrx_word' id='word_1_378' title='bbox 556 3087 649 3132; x_wconf 83' lang='lat' dir='ltr'>subdita</span> <span class='ocrx_word' id='word_1_379' title='bbox 663 3088 764 3146; x_wconf 75' lang='lat' dir='ltr'>pardem</span> <span class='ocrx_word' id='word_1_380' title='bbox 782 3084 813 3132; x_wconf 89' lang='lat' dir='ltr'>V.</span> <span class='ocrx_word' id='word_1_381' title='bbox 831 3085 874 3132; x_wconf 89' lang='lat' dir='ltr'>Gr.</span> <span class='ocrx_word' id='word_1_382' title='bbox 891 3084 921 3132; x_wconf 90' lang='lat' dir='ltr'>L.</span> <span class='ocrx_word' id='word_1_383' title='bbox 971 3088 1023 3132; x_wconf 88' lang='lat'>128.</span> <span class='ocrx_word' id='word_1_384' title='bbox 1043 3086 1174 3132; x_wconf 87' lang='lat' dir='ltr'>Posteriora</span> <span class='ocrx_word' id='word_1_385' title='bbox 1190 3094 1235 3135; x_wconf 78' lang='lat' dir='ltr'>tua</span> 
     </span>
     <span class='ocr_line' id='line_1_38' title="bbox 187 3145 1237 3210; baseline 0.001 -13"><span class='ocrx_word' id='word_1_386' title='bbox 187 3150 268 3198; x_wconf 80' lang='lat' dir='ltr'>Amst.</span> <span class='ocrx_word' id='word_1_387' title='bbox 283 3150 340 3210; x_wconf 87' lang='lat' dir='ltr'>Bip.</span> <span class='ocrx_word' id='word_1_388' title='bbox 353 3156 378 3198; x_wconf 89' lang='lat' dir='ltr'>et</span> <span class='ocrx_word' id='word_1_389' title='bbox 387 3151 488 3197; x_wconf 82' lang='lat' dir='ltr'>fortasse</span> <span class='ocrx_word' id='word_1_390' title='bbox 496 3149 551 3198; x_wconf 82' lang='lat' dir='ltr'>aliae</span> <span class='ocrx_word' id='word_1_391' title='bbox 562 3145 708 3197; x_wconf 81' lang='lat' dir='ltr'>recentiores</span> <span class='ocrx_word' id='word_1_392' title='bbox 718 3151 815 3196; x_wconf 88' lang='lat' dir='ltr'>habent.</span> <span class='ocrx_word' id='word_1_393' title='bbox 830 3149 872 3196; x_wconf 89' lang='lat' dir='ltr'>sed</span> <span class='ocrx_word' id='word_1_394' title='bbox 883 3163 968 3195; x_wconf 86' lang='lat' dir='ltr'>omnes</span> <span class='ocrx_word' id='word_1_395' title='bbox 978 3147 1070 3209; x_wconf 86' lang='lat' dir='ltr'>scripti,</span> <span class='ocrx_word' id='word_1_396' title='bbox 1082 3156 1106 3194; x_wconf 91' lang='lat' dir='ltr'>et</span> <span class='ocrx_word' id='word_1_397' title='bbox 1117 3148 1237 3198; x_wconf 86' lang='lat' dir='ltr'>editiones</span> 
     </span>
     <span class='ocr_line' id='line_1_39' title="bbox 185 3213 1235 3277; baseline 0.001 -16"><span class='ocrx_word' id='word_1_398' title='bbox 185 3213 337 3277; x_wconf 81' lang='lat' dir='ltr'>antiquiores</span> <span class='ocrx_word' id='word_1_399' title='bbox 350 3215 381 3262; x_wconf 84' lang='lat' dir='ltr'>A.</span> <span class='ocrx_word' id='word_1_400' title='bbox 397 3215 427 3263; x_wconf 93' lang='lat' dir='ltr'>B.</span> <span class='ocrx_word' id='word_1_401' title='bbox 444 3215 491 3261; x_wconf 90' lang='lat' dir='ltr'>Pu.</span> <span class='ocrx_word' id='word_1_402' title='bbox 506 3214 544 3261; x_wconf 90' lang='lat' dir='ltr'>Pi.</span> <span class='ocrx_word' id='word_1_403' title='bbox 559 3215 589 3262; x_wconf 93' lang='lat'>0.</span> <span class='ocrx_word' id='word_1_404' title='bbox 604 3215 671 3262; x_wconf 87' lang='lat' dir='ltr'>Han.</span> <span class='ocrx_word' id='word_1_405' title='bbox 684 3213 800 3261; x_wconf 83' lang='lat' dir='ltr'>exhibent</span> <span class='ocrx_word' id='word_1_406' title='bbox 808 3215 961 3274; x_wconf 79' lang='lat' dir='ltr'>prosperiora.</span> <span class='ocrx_word' id='word_1_407' title='bbox 1011 3218 1063 3261; x_wconf 90' lang='grc'><strong>130.</strong></span> <span class='ocrx_word' id='word_1_408' title='bbox 1084 3215 1188 3276; x_wconf 72' lang='lat' dir='ltr'>Pon-ipit</span> <span class='ocrx_word' id='word_1_409' title='bbox 1198 3217 1235 3262; x_wconf 87' lang='lat' dir='ltr'>in-</span> 
     </span>
     <span class='ocr_line' id='line_1_40' title="bbox 185 3278 1235 3341; baseline 0.002 -15"><span class='ocrx_word' id='word_1_410' title='bbox 185 3281 246 3326; x_wconf 86' lang='lat' dir='ltr'>vitas</span> <span class='ocrx_word' id='word_1_411' title='bbox 260 3279 291 3328; x_wconf 86' lang='lat' dir='ltr'>R.</span> <span class='ocrx_word' id='word_1_412' title='bbox 309 3279 347 3327; x_wconf 93' lang='lat' dir='ltr'>Pi.</span> <span class='ocrx_word' id='word_1_413' title='bbox 363 3279 430 3327; x_wconf 87' lang='lat' dir='ltr'>Han.</span> <span class='ocrx_word' id='word_1_414' title='bbox 445 3279 502 3340; x_wconf 92' lang='lat' dir='ltr'>Bip.</span> <span class='ocrx_word' id='word_1_415' title='bbox 523 3281 622 3326; x_wconf 86' lang='lat' dir='ltr'>invictas</span> <span class='ocrx_word' id='word_1_416' title='bbox 635 3279 666 3326; x_wconf 94' lang='lat' dir='ltr'>V.</span> <span class='ocrx_word' id='word_1_417' title='bbox 684 3280 735 3329; x_wconf 71' lang='lat' dir='ltr'>Gr.</span> <span class='ocrx_word' id='word_1_418' title='bbox 744 3278 773 3325; x_wconf 93' lang='lat' dir='ltr'>L.</span> <span class='ocrx_word' id='word_1_419' title='bbox 788 3280 819 3326; x_wconf 82' lang='lat' dir='ltr'>A.</span> <span class='ocrx_word' id='word_1_420' title='bbox 843 3281 958 3340; x_wconf 87' lang='lat' dir='ltr'>injunctas</span> <span class='ocrx_word' id='word_1_421' title='bbox 972 3278 1003 3326; x_wconf 90' lang='lat' dir='ltr'>G.</span> <span class='ocrx_word' id='word_1_422' title='bbox 1029 3281 1144 3341; x_wconf 84' lang='lat' dir='ltr'>tuajussa</span> <span class='ocrx_word' id='word_1_423' title='bbox 1157 3280 1187 3328; x_wconf 95' lang='lat' dir='ltr'>V.</span> <span class='ocrx_word' id='word_1_424' title='bbox 1203 3281 1235 3328; x_wconf 89' lang='lat' dir='ltr'>R.</span> 
     </span>
     <span class='ocr_line' id='line_1_41' title="bbox 189 3342 1236 3405; baseline 0.003 -15"><span class='ocrx_word' id='word_1_425' title='bbox 189 3344 232 3392; x_wconf 91' lang='lat' dir='ltr'>Gr.</span> <span class='ocrx_word' id='word_1_426' title='bbox 247 3344 276 3392; x_wconf 89' lang='lat' dir='ltr'>L.</span> <span class='ocrx_word' id='word_1_427' title='bbox 293 3346 410 3405; x_wconf 83' lang='lat' dir='ltr'>suajussa</span> <span class='ocrx_word' id='word_1_428' title='bbox 424 3345 455 3392; x_wconf 91' lang='lat' dir='ltr'>G.</span> <span class='ocrx_word' id='word_1_429' title='bbox 501 3348 554 3392; x_wconf 87' lang='lat'>132.</span> <span class='ocrx_word' id='word_1_430' title='bbox 576 3345 609 3390; x_wconf 82' lang='lat' dir='ltr'>Et</span> <span class='ocrx_word' id='word_1_431' title='bbox 620 3361 731 3405; x_wconf 82' lang='lat' dir='ltr'>percussa</span> <span class='ocrx_word' id='word_1_432' title='bbox 747 3359 831 3390; x_wconf 90' lang='lat' dir='ltr'>omnes</span> <span class='ocrx_word' id='word_1_433' title='bbox 842 3342 961 3404; x_wconf 87' lang='lat' dir='ltr'>impressi,</span> <span class='ocrx_word' id='word_1_434' title='bbox 973 3342 1041 3405; x_wconf 92' lang='lat' dir='ltr'>quod</span> <span class='ocrx_word' id='word_1_435' title='bbox 1056 3350 1139 3390; x_wconf 85' lang='lat' dir='ltr'>tamen</span> <span class='ocrx_word' id='word_1_436' title='bbox 1149 3363 1236 3393; x_wconf 79' lang='grc' dir='ltr'>ταυτα·</span> 
     </span>
     <span class='ocr_line' id='line_1_42' title="bbox 185 3406 1233 3470; baseline 0.001 -14"><span class='ocrx_word' id='word_1_437' title='bbox 185 3410 271 3468; x_wconf 78' lang='grc' dir='ltr'>λογεῖν</span> <span class='ocrx_word' id='word_1_438' title='bbox 280 3407 385 3464; x_wconf 86' lang='lat' dir='ltr'>videtur,</span> <span class='ocrx_word' id='word_1_439' title='bbox 397 3408 456 3470; x_wconf 85' lang='lat' dir='ltr'>quia</span> <span class='ocrx_word' id='word_1_440' title='bbox 468 3407 591 3469; x_wconf 83' lang='lat' dir='ltr'>praecessit</span> <span class='ocrx_word' id='word_1_441' title='bbox 602 3411 656 3455; x_wconf 83' lang='lat' dir='ltr'>icta.</span> <span class='ocrx_word' id='word_1_442' title='bbox 694 3409 777 3470; x_wconf 82' lang='lat' dir='ltr'>Igitur</span> <span class='ocrx_word' id='word_1_443' title='bbox 793 3406 882 3454; x_wconf 89' lang='lat' dir='ltr'>melius</span> <span class='ocrx_word' id='word_1_444' title='bbox 896 3410 994 3469; x_wconf 74' lang='lat' dir='ltr'>perfusa</span> <span class='ocrx_word' id='word_1_445' title='bbox 1008 3407 1039 3455; x_wconf 94' lang='lat' dir='ltr'>V.</span> <span class='ocrx_word' id='word_1_446' title='bbox 1054 3407 1085 3454; x_wconf 92' lang='lat' dir='ltr'>R.</span> <span class='ocrx_word' id='word_1_447' title='bbox 1099 3407 1129 3454; x_wconf 88' lang='lat' dir='ltr'>L.</span> <span class='ocrx_word' id='word_1_448' title='bbox 1179 3413 1233 3457; x_wconf 87' lang='grc'><strong>133.</strong></span> 
     </span>
     <span class='ocr_line' id='line_1_43' title="bbox 187 3471 1235 3533; baseline -0.001 -13"><span class='ocrx_word' id='word_1_449' title='bbox 187 3475 242 3520; x_wconf 82' lang='lat' dir='ltr'>Flet</span> <span class='ocrx_word' id='word_1_450' title='bbox 257 3480 345 3520; x_wconf 84' lang='lat' dir='ltr'>tanturn</span> <span class='ocrx_word' id='word_1_451' title='bbox 359 3472 389 3520; x_wconf 90' lang='lat' dir='ltr'>B.</span> <span class='ocrx_word' id='word_1_452' title='bbox 404 3472 442 3520; x_wconf 92' lang='lat' dir='ltr'>Pi.</span> <span class='ocrx_word' id='word_1_453' title='bbox 461 3474 491 3521; x_wconf 94' lang='lat'>0.</span> <span class='ocrx_word' id='word_1_454' title='bbox 509 3473 544 3519; x_wconf 91' lang='grc' dir='ltr'>Η.</span> <span class='ocrx_word' id='word_1_455' title='bbox 559 3471 615 3532; x_wconf 91' lang='lat' dir='ltr'>Bip.</span> <span class='ocrx_word' id='word_1_456' title='bbox 651 3474 704 3519; x_wconf 90' lang='lat' dir='ltr'>Flet</span> <span class='ocrx_word' id='word_1_457' title='bbox 719 3475 813 3519; x_wconf 83' lang='lat' dir='ltr'>tacitum</span> <span class='ocrx_word' id='word_1_458' title='bbox 826 3473 857 3519; x_wconf 91' lang='lat' dir='ltr'>V.</span> <span class='ocrx_word' id='word_1_459' title='bbox 872 3472 915 3518; x_wconf 91' lang='lat' dir='ltr'>Gr.</span> <span class='ocrx_word' id='word_1_460' title='bbox 929 3471 996 3533; x_wconf 91' lang='lat' dir='ltr'>quod</span> <span class='ocrx_word' id='word_1_461' title='bbox 1012 3471 1101 3518; x_wconf 86' lang='lat' dir='ltr'>melius</span> <span class='ocrx_word' id='word_1_462' title='bbox 1112 3479 1180 3532; x_wconf 89' lang='lat' dir='ltr'>puto.</span> <span class='ocrx_word' id='word_1_463' title='bbox 1198 3473 1235 3519; x_wconf 88' lang='lat' dir='ltr'>id-</span> 
     </span>
     <span class='ocr_line' id='line_1_44' title="bbox 185 3534 1235 3599; baseline 0 -15"><span class='ocrx_word' id='word_1_464' title='bbox 185 3552 234 3599; x_wconf 91' lang='lat' dir='ltr'>que</span> <span class='ocrx_word' id='word_1_465' title='bbox 245 3535 362 3584; x_wconf 80' lang='lat' dir='ltr'>facillime</span> <span class='ocrx_word' id='word_1_466' title='bbox 372 3534 498 3596; x_wconf 89' lang='lat' dir='ltr'>corrumpi</span> <span class='ocrx_word' id='word_1_467' title='bbox 513 3535 539 3582; x_wconf 91' lang='lat' dir='ltr'>in</span> <span class='ocrx_word' id='word_1_468' title='bbox 554 3543 643 3583; x_wconf 85' lang='lat' dir='ltr'>tantum</span> <span class='ocrx_word' id='word_1_469' title='bbox 659 3535 748 3596; x_wconf 90' lang='lat' dir='ltr'>potuit.</span> <span class='ocrx_word' id='word_1_470' title='bbox 786 3537 840 3583; x_wconf 88' lang='lat' dir='ltr'>Flet</span> <span class='ocrx_word' id='word_1_471' title='bbox 849 3537 918 3583; x_wconf 83' lang='lat' dir='ltr'>tacite</span> <span class='ocrx_word' id='word_1_472' title='bbox 931 3537 962 3582; x_wconf 92' lang='lat' dir='ltr'>G.</span> <span class='ocrx_word' id='word_1_473' title='bbox 979 3536 1069 3582; x_wconf 86' lang='lat' dir='ltr'>laniata</span> <span class='ocrx_word' id='word_1_474' title='bbox 1081 3539 1192 3598; x_wconf 85' lang='lat' dir='ltr'>pudorem</span> <span class='ocrx_word' id='word_1_475' title='bbox 1205 3537 1235 3584; x_wconf 97' lang='lat' dir='ltr'>L.</span> 
     </span>
     <span class='ocr_line' id='line_1_45' title="bbox 188 3600 1234 3662; baseline 0.001 -14"><span class='ocrx_word' id='word_1_476' title='bbox 188 3606 242 3649; x_wconf 81' lang='lat'>135.</span> <span class='ocrx_word' id='word_1_477' title='bbox 266 3603 445 3649; x_wconf 82' lang='lat' dir='ltr'>Conuenitiatus</span> <span class='ocrx_word' id='word_1_478' title='bbox 459 3601 490 3648; x_wconf 91' lang='lat' dir='ltr'>G.</span> <span class='ocrx_word' id='word_1_479' title='bbox 529 3602 582 3650; x_wconf 83' lang='lat'>137.</span> <span class='ocrx_word' id='word_1_480' title='bbox 599 3602 787 3662; x_wconf 72' lang='lat' dir='ltr'>Inpeniomaqno</span> <span class='ocrx_word' id='word_1_481' title='bbox 799 3600 829 3648; x_wconf 93' lang='lat' dir='ltr'>V.</span> <span class='ocrx_word' id='word_1_482' title='bbox 847 3617 908 3647; x_wconf 88' lang='lat' dir='ltr'>nunc</span> <span class='ocrx_word' id='word_1_483' title='bbox 919 3617 1003 3660; x_wconf 70' lang='lat' dir='ltr'>maana</span> <span class='ocrx_word' id='word_1_484' title='bbox 1014 3602 1102 3648; x_wconf 83' lang='lat' dir='ltr'>viribus</span> <span class='ocrx_word' id='word_1_485' title='bbox 1113 3618 1156 3648; x_wconf 84' lang='lat' dir='ltr'>usa</span> <span class='ocrx_word' id='word_1_486' title='bbox 1167 3617 1190 3648; x_wconf 88' lang='lat' dir='ltr'>es</span> <span class='ocrx_word' id='word_1_487' title='bbox 1203 3602 1234 3650; x_wconf 91' lang='lat' dir='ltr'>G.</span> 
     </span>
     <span class='ocr_line' id='line_1_46' title="bbox 188 3664 1235 3728; baseline 0 -14"><span class='ocrx_word' id='word_1_488' title='bbox 188 3670 240 3714; x_wconf 83' lang='grc'><strong>138.</strong></span> <span class='ocrx_word' id='word_1_489' title='bbox 267 3668 324 3721; x_wconf 79' lang='lat' dir='ltr'>Qua</span> <span class='ocrx_word' id='word_1_490' title='bbox 333 3668 417 3727; x_wconf 83' lang='lat' dir='ltr'>juveni</span> <span class='ocrx_word' id='word_1_491' title='bbox 433 3665 540 3728; x_wconf 81' lang='lat' dir='ltr'>vulgatae</span> <span class='ocrx_word' id='word_1_492' title='bbox 556 3665 685 3728; x_wconf 81' lang='lat' dir='ltr'>pleneque.</span> <span class='ocrx_word' id='word_1_493' title='bbox 713 3683 763 3727; x_wconf 81' lang='lat' dir='ltr'>qua</span> <span class='ocrx_word' id='word_1_494' title='bbox 786 3666 876 3712; x_wconf 85' lang='lat' dir='ltr'>Veneris</span> <span class='ocrx_word' id='word_1_495' title='bbox 888 3664 918 3712; x_wconf 93' lang='lat' dir='ltr'>V.</span> <span class='ocrx_word' id='word_1_496' title='bbox 934 3665 977 3712; x_wconf 89' lang='lat' dir='ltr'>Gr.</span> <span class='ocrx_word' id='word_1_497' title='bbox 993 3665 1024 3711; x_wconf 91' lang='lat' dir='ltr'>G.</span> <span class='ocrx_word' id='word_1_498' title='bbox 1048 3664 1127 3712; x_wconf 90' lang='lat' dir='ltr'>scribo</span> <span class='ocrx_word' id='word_1_499' title='bbox 1151 3667 1235 3714; x_wconf 86' lang='lat' dir='ltr'>Veneri.</span> 
     </span>
     <span class='ocr_line' id='line_1_47' title="bbox 188 3729 1233 3792; baseline 0.001 -15"><span class='ocrx_word' id='word_1_500' title='bbox 188 3729 266 3778; x_wconf 87' lang='lat' dir='ltr'>Plane</span> <span class='ocrx_word' id='word_1_501' title='bbox 278 3729 414 3792; x_wconf 83' lang='lat' dir='ltr'>corrumpit</span> <span class='ocrx_word' id='word_1_502' title='bbox 425 3732 491 3777; x_wconf 91' lang='lat' dir='ltr'>huuc</span> <span class='ocrx_word' id='word_1_503' title='bbox 502 3745 600 3776; x_wconf 84' lang='lat' dir='ltr'>versum</span> <span class='ocrx_word' id='word_1_504' title='bbox 613 3730 641 3778; x_wconf 90' lang='lat' dir='ltr'>L.</span> <span class='ocrx_word' id='word_1_505' title='bbox 668 3732 724 3777; x_wconf 87' lang='lat' dir='ltr'>Nan</span> <span class='ocrx_word' id='word_1_506' title='bbox 740 3731 830 3792; x_wconf 82' lang='lat' dir='ltr'>quidem</span> <span class='ocrx_word' id='word_1_507' title='bbox 846 3732 872 3775; x_wconf 88' lang='lat' dir='ltr'>in</span> <span class='ocrx_word' id='word_1_508' title='bbox 885 3731 953 3790; x_wconf 84' lang='lat' dir='ltr'>penis</span> <span class='ocrx_word' id='word_1_509' title='bbox 969 3745 1014 3776; x_wconf 85' lang='lat' dir='ltr'>non</span> <span class='ocrx_word' id='word_1_510' title='bbox 1031 3745 1054 3776; x_wconf 82' lang='lat' dir='ltr'>es</span> <span class='ocrx_word' id='word_1_511' title='bbox 1069 3731 1144 3776; x_wconf 84' lang='lat' dir='ltr'>amica</span> <span class='ocrx_word' id='word_1_512' title='bbox 1158 3733 1233 3778; x_wconf 83' lang='lat' dir='ltr'>malis.</span> 
     </span>
     <span class='ocr_line' id='line_1_48' title="bbox 188 3793 1235 3856; baseline 0 -14"><span class='ocrx_word' id='word_1_513' title='bbox 188 3798 243 3843; x_wconf 88' lang='grc'><strong>139.</strong></span> <span class='ocrx_word' id='word_1_514' title='bbox 259 3797 330 3842; x_wconf 86' lang='lat' dir='ltr'>Nunc</span> <span class='ocrx_word' id='word_1_515' title='bbox 346 3797 390 3842; x_wconf 81' lang='lat' dir='ltr'>tibi</span> <span class='ocrx_word' id='word_1_516' title='bbox 405 3795 460 3842; x_wconf 76' lang='lat' dir='ltr'>vult</span> <span class='ocrx_word' id='word_1_517' title='bbox 473 3793 613 3852; x_wconf 87' lang='lat' dir='ltr'>Withoiius,</span> <span class='ocrx_word' id='word_1_518' title='bbox 626 3794 693 3856; x_wconf 88' lang='lat' dir='ltr'>quod</span> <span class='ocrx_word' id='word_1_519' title='bbox 709 3809 759 3841; x_wconf 92' lang='lat' dir='ltr'>non</span> <span class='ocrx_word' id='word_1_520' title='bbox 775 3795 858 3854; x_wconf 90' lang='lat' dir='ltr'>probo.</span> <span class='ocrx_word' id='word_1_521' title='bbox 883 3796 1016 3856; x_wconf 84' lang='lat' dir='ltr'>impendunt</span> <span class='ocrx_word' id='word_1_522' title='bbox 1032 3810 1090 3855; x_wconf 78' lang='lat' dir='ltr'>sape</span> <span class='ocrx_word' id='word_1_523' title='bbox 1106 3795 1192 3842; x_wconf 77' lang='lat' dir='ltr'>dobree</span> <span class='ocrx_word' id='word_1_524' title='bbox 1204 3794 1235 3842; x_wconf 90' lang='lat' dir='ltr'>B.</span> 
     </span>
     <span class='ocr_line' id='line_1_49' title="bbox 188 3857 1233 3920; baseline 0 -14"><span class='ocrx_word' id='word_1_525' title='bbox 188 3857 226 3906; x_wconf 91' lang='lat' dir='ltr'>Pi.</span> <span class='ocrx_word' id='word_1_526' title='bbox 250 3859 281 3908; x_wconf 94' lang='lat'>0.</span> <span class='ocrx_word' id='word_1_527' title='bbox 300 3860 367 3906; x_wconf 85' lang='lat' dir='ltr'>Han.</span> <span class='ocrx_word' id='word_1_528' title='bbox 390 3859 447 3920; x_wconf 92' lang='lat' dir='ltr'>Bip.</span> <span class='ocrx_word' id='word_1_529' title='bbox 474 3861 560 3906; x_wconf 86' lang='lat' dir='ltr'>labores</span> <span class='ocrx_word' id='word_1_530' title='bbox 573 3859 604 3907; x_wconf 95' lang='lat' dir='ltr'>V.</span> <span class='ocrx_word' id='word_1_531' title='bbox 620 3859 651 3907; x_wconf 88' lang='lat' dir='ltr'>R.</span> <span class='ocrx_word' id='word_1_532' title='bbox 672 3859 715 3906; x_wconf 89' lang='lat' dir='ltr'>Gr.</span> <span class='ocrx_word' id='word_1_533' title='bbox 735 3859 764 3906; x_wconf 93' lang='lat' dir='ltr'>L.</span> <span class='ocrx_word' id='word_1_534' title='bbox 780 3859 811 3906; x_wconf 91' lang='lat' dir='ltr'>G.</span> <span class='ocrx_word' id='word_1_535' title='bbox 840 3858 903 3905; x_wconf 88' lang='lat' dir='ltr'>forte</span> <span class='ocrx_word' id='word_1_536' title='bbox 920 3860 1041 3904; x_wconf 84' lang='lat' dir='ltr'>intendunt</span> <span class='ocrx_word' id='word_1_537' title='bbox 1056 3858 1095 3904; x_wconf 87' lang='lat' dir='ltr'>vel</span> <span class='ocrx_word' id='word_1_538' title='bbox 1112 3861 1233 3906; x_wconf 82' lang='lat' dir='ltr'>intentant.</span> 
     </span>
     <span class='ocr_line' id='line_1_50' title="bbox 187 3921 1235 3986; baseline 0 -16"><span class='ocrx_word' id='word_1_539' title='bbox 187 3923 321 3971; x_wconf 84' lang='lat' dir='ltr'>Withofius</span> <span class='ocrx_word' id='word_1_540' title='bbox 329 3923 430 3986; x_wconf 78' lang='lat' dir='ltr'>corrigit</span> <span class='ocrx_word' id='word_1_541' title='bbox 441 3926 577 3986; x_wconf 86' lang='lat' dir='ltr'>impendent.</span> <span class='ocrx_word' id='word_1_542' title='bbox 612 3928 665 3971; x_wconf 86' lang='lat'>140.</span> <span class='ocrx_word' id='word_1_543' title='bbox 681 3925 785 3979; x_wconf 86' lang='lat' dir='ltr'>Damna,</span> <span class='ocrx_word' id='word_1_544' title='bbox 793 3925 871 3985; x_wconf 85' lang='lat' dir='ltr'>pudor</span> <span class='ocrx_word' id='word_1_545' title='bbox 885 3922 915 3970; x_wconf 92' lang='lat' dir='ltr'>B.</span> <span class='ocrx_word' id='word_1_546' title='bbox 927 3921 964 3969; x_wconf 91' lang='lat' dir='ltr'>Pi.</span> <span class='ocrx_word' id='word_1_547' title='bbox 977 3922 1008 3970; x_wconf 89' lang='lat'>0.</span> <span class='ocrx_word' id='word_1_548' title='bbox 1019 3923 1055 3971; x_wconf 93' lang='lat' dir='ltr'>H.</span> <span class='ocrx_word' id='word_1_549' title='bbox 1067 3921 1123 3982; x_wconf 91' lang='lat' dir='ltr'>Bip.</span> <span class='ocrx_word' id='word_1_550' title='bbox 1143 3925 1235 3978; x_wconf 85' lang='lat' dir='ltr'>demna,</span> 
     </span>
     <span class='ocr_line' id='line_1_51' title="bbox 184 3986 1237 4050; baseline 0 -16"><span class='ocrx_word' id='word_1_551' title='bbox 184 3989 249 4035; x_wconf 82' lang='lat' dir='ltr'>nives</span> <span class='ocrx_word' id='word_1_552' title='bbox 267 3988 297 4035; x_wconf 94' lang='lat' dir='ltr'>V.</span> <span class='ocrx_word' id='word_1_553' title='bbox 313 3989 343 4034; x_wconf 89' lang='lat' dir='ltr'>R.</span> <span class='ocrx_word' id='word_1_554' title='bbox 360 3990 404 4036; x_wconf 89' lang='lat' dir='ltr'>Gr.</span> <span class='ocrx_word' id='word_1_555' title='bbox 421 3989 451 4038; x_wconf 90' lang='lat' dir='ltr'>L.</span> <span class='ocrx_word' id='word_1_556' title='bbox 464 3990 494 4036; x_wconf 89' lang='lat' dir='ltr'>G.</span> <span class='ocrx_word' id='word_1_557' title='bbox 513 3987 579 4050; x_wconf 91' lang='lat' dir='ltr'>quod</span> <span class='ocrx_word' id='word_1_558' title='bbox 595 3987 702 4048; x_wconf 78' lang='lat' dir='ltr'>praet&#39;ero.</span> <span class='ocrx_word' id='word_1_559' title='bbox 749 3992 802 4035; x_wconf 89' lang='lat'>141.</span> <span class='ocrx_word' id='word_1_560' title='bbox 830 3989 888 4034; x_wconf 66' lang='lat' dir='ltr'>(liam</span> <span class='ocrx_word' id='word_1_561' title='bbox 903 3989 961 4034; x_wconf 83' lang='lat' dir='ltr'>mibi</span> <span class='ocrx_word' id='word_1_562' title='bbox 980 3986 1018 4034; x_wconf 93' lang='lat' dir='ltr'>Pi.</span> <span class='ocrx_word' id='word_1_563' title='bbox 1032 3987 1099 4033; x_wconf 78' lang='lat' dir='ltr'>Han.</span> <span class='ocrx_word' id='word_1_564' title='bbox 1117 3986 1173 4048; x_wconf 90' lang='lat' dir='ltr'>Bip.</span> <span class='ocrx_word' id='word_1_565' title='bbox 1200 3990 1237 4036; x_wconf 84' lang='lat' dir='ltr'>Tu</span> 
     </span>
     <span class='ocr_line' id='line_1_52' title="bbox 184 4051 1237 4163; baseline 0.002 -65"><span class='ocrx_word' id='word_1_566' title='bbox 184 4053 243 4163; x_wconf 51' lang='grc' dir='ltr'>υῧϋιί</span> <span class='ocrx_word' id='word_1_567' title='bbox 254 4053 296 4100; x_wconf 88' lang='lat' dir='ltr'>Gr.</span> <span class='ocrx_word' id='word_1_568' title='bbox 312 4052 341 4100; x_wconf 91' lang='lat' dir='ltr'>B.</span> <span class='ocrx_word' id='word_1_569' title='bbox 359 4052 390 4102; x_wconf 90' lang='grc' dir='ltr'>Ο.</span> <span class='ocrx_word' id='word_1_570' title='bbox 403 4052 470 4116; x_wconf 91' lang='lat' dir='ltr'>quod</span> <span class='ocrx_word' id='word_1_571' title='bbox 486 4060 511 4101; x_wconf 94' lang='lat' dir='ltr'>et</span> <span class='ocrx_word' id='word_1_572' title='bbox 527 4055 614 4114; x_wconf 86' lang='lat' dir='ltr'>probat</span> <span class='ocrx_word' id='word_1_573' title='bbox 627 4051 767 4100; x_wconf 89' lang='lat' dir='ltr'>Withotius.</span> <span class='ocrx_word' id='word_1_574' title='bbox 795 4053 825 4100; x_wconf 89' lang='lat' dir='ltr'>Ut</span> <span class='ocrx_word' id='word_1_575' title='bbox 835 4052 893 4099; x_wconf 83' lang='lat' dir='ltr'>mibi</span> <span class='ocrx_word' id='word_1_576' title='bbox 904 4053 933 4101; x_wconf 90' lang='lat' dir='ltr'>G.</span> <span class='ocrx_word' id='word_1_577' title='bbox 970 4055 1023 4099; x_wconf 88' lang='lat'>144.</span> <span class='ocrx_word' id='word_1_578' title='bbox 1042 4053 1143 4099; x_wconf 77' lang='lat' dir='ltr'>Erectis</span> <span class='ocrx_word' id='word_1_579' title='bbox 1154 4060 1237 4100; x_wconf 83' lang='lat' dir='ltr'>aurato</span> 
     </span>
    </p>

    <p class='ocr_par' dir='ltr' id='par_1_4' title="bbox 212 4117 276 4164">
     <span class='ocr_line' id='line_1_53' title="bbox 212 4117 276 4164; baseline 0.016 -1"><span class='ocrx_word' id='word_1_580' title='bbox 212 4117 276 4164; x_wconf 91' lang='lat' dir='ltr'>.Gr.</span> 
     </span>
    </p>
   </div>
   <div class='ocr_carea' id='block_1_4' title="bbox 0 0 1621 4982">
    <p class='ocr_par' dir='ltr' id='par_1_5' title="bbox 0 0 1621 4982">
     <span class='ocr_line' id='line_1_54' title="bbox 0 0 1621 4982; baseline 0 0"><span class='ocrx_word' id='word_1_581' title='bbox 0 0 1621 4982; x_wconf 95' lang='lat' dir='ltr'> </span> 
     </span>
    </p>
   </div>
  </div>
 </body>
</html>
