3228 4982
477 404 563 466 Vrrs
579 425 621 466 ur
638 405 729 468 Aera
747 404 961 468 Maxrarmur.
1206 411 1245 468 13

194 557 357 642 legationis
380 555 480 619 officio
504 566 627 619 ornatos
658 556 760 632 fuisso,
784 559 880 620 verba
906 557 1095 619 'l'heodorici
1118 557 1248 619 recitata

195 643 380 728 significant.
428 641 538 704 Festus
558 640 662 725 igitur,
684 642 738 729 qui
758 643 946 717 nominatur,
966 642 1142 727 praecipuus
1163 641 1248 725 lega·

195 740 300 794 torum
311 728 380 803 fuit,
393 749 489 812 quem
501 727 597 790 etiam
608 727 738 790 missum
753 727 938 791 'lbeodorus
952 727 1066 791 Lector
1077 727 1222 790 meminit
1227 729 1247 802 ⁵,

196 826 229 878 et
246 815 430 877 Senatorem
442 813 607 887 nominat⁶,
621 812 842 898 sigillatimque
858 813 898 875 de
913 836 951 876 eo
966 813 1070 888 refert,
1083 823 1248 898 postquam

195 900 354 974 mandata,
386 920 519 984 quorum
549 920 657 960 caussa
684 898 795 962 missus
825 909 901 973 erat,
928 909 1099 982 peregerat,
1126 919 1250 983 propno

100 992 102 998 ’
196 985 323 1048 nomine
345 983 547 1046 Anastasium
565 985 803 1058 obsecrassent
822 983 1090 1068 Constantinopoli
1108 993 1250 1046 sanctam

198 1069 421 1155 Apostolorum
439 1069 525 1132 Petri
540 1080 573 1132 et
589 1068 693 1132 Paulli
707 1069 892 1132 memoriam
908 1069 1029 1143 eadem,
1046 1091 1109 1153 qua
1126 1068 1248 1142 Romae,

197 1155 397 1218 veneratione
418 1176 455 1217 ac
472 1153 707 1237 magnificentia
725 1154 945 1218 celebrandam
960 1153 1131 1229 indiceret3
1155 1153 1250 1238 idque
1332 1199 1350 1236 ,ι

198 1240 378 1304 obtinuisse.
425 1239 517 1302 Istius
540 1239 635 1322 igitur
656 1239 829 1322 legationis,
853 1240 941 1322 cujus
967 1239 1111 1323 princeps
1140 1238 1250 1302 Festus
1289 1223 1358 1304 llil

202 1327 334 1389 Senator
345 1336 420 1400 erat,
432 1325 579 1389 comitem
591 1324 773 1410 sociumque
785 1323 1017 1388 Maximianum
1028 1323 1121 1387 fuisse
1132 1325 1225 1387 credo
1231 1323 1250 1385 ⁷.
1290 1333 1300 1350 '

201 1411 300 1475 Plane
316 1411 401 1474 enirn
417 1410 551 1474 eandem
565 1409 719 1473 missionis
734 1433 799 1475 suae
818 1433 968 1486 caussam,
984 1432 1057 1496 quae
1077 1409 1162 1473 Festi
1180 1409 1249 1484 fuit,

199 1507 372 1560 memorat:

287 1599 413 1662 Missus
426 1600 472 1661 acl
486 1599 579 1660 Eous
594 1597 698 1682 legati
712 1620 837 1660 munere
847 1607 976 1682 portes,

336 1684 559 1767 Tranquillum
575 1684 698 1746 cunetis
713 1692 841 1746 nectere
850 1685 951 1766 pacis
967 1705 1058 1766 opus,

287 1769 377 1831 Dum
391 1769 504 1831 studeo
516 1768 639 1852 gemini
654 1789 842 1851 componere
846 1769 983 1852 soederu
998 1769 1104 1852 regui,

330 1853 445 1916 Inueni
461 1854 569 1916 cordis
585 1852 667 1915 bellu
683 1853 824 1936 nefanda
839 1853 910 1916 mci.

203 1971 272 2034 Nec
286 1969 402 2032 mirum
418 1978 475 2058 est,
491 1967 519 2030 ei
535 1966 682 2050 legationi
698 1967 874 2031 adhibitum
891 1968 1132 2045 Maximianum,
1149 1971 1204 2056 qui
1222 1982 1254 2034 et

200 2056 294 2140 gestis
319 2065 392 2118 ante
415 2053 609 2128 muneribus,
628 2063 660 2116 et
678 2053 819 2117 oratoriae
841 2052 996 2116 facultatis
1014 2053 1106 2129 fama,
1130 2066 1166 2117 ut
1188 2055 1254 2140 ipse

201 2141 374 2226 profitetur,
390 2139 595 2202 inclaruerat:

292 2259 415 2322 Orator
430 2267 497 2322 toto
513 2259 623 2321 clurur
638 2257 671 2320 in
687 2258 764 2321 orbe
771 2256 842 2341 sui.
890 2255 979 2340 Eleg.
996 2257 1015 2319 i.
1031 2262 1080 2320 lo.

205 2376 270 2440 Sed
279 2375 415 2437 minores
426 2384 533 2437 tamen
544 2385 648 2457 partes
660 2374 726 2456 ejus
738 2372 770 2434 in
780 2393 818 2434 ea
829 2371 984 2454 legatione
999 2372 1102 2450 fuisse,
1113 2376 1255 2439 easdem-

203 2485 264 2548 que
287 2481 343 2545 per
365 2458 537 2522 socordiam
557 2470 590 2522 et
610 2457 775 2523 libidinem
793 2455 980 2520 Maximiani
991 2459 1042 2522 vel
1059 2461 1256 2543 negligenter

203 2558 296 2622 actas
307 2545 357 2609 vel
372 2545 509 2608 desertas
520 2543 623 2628 plane,
634 2544 700 2628 ipso
715 2542 843 2618 fatente,
857 2544 984 2606 credere
995 2544 1082 2622 licet3
1107 2545 1192 2609 Elv.
1202 2552 1254 2609 43.

290 2649 442 2712 Muneris
456 2648 718 2732 injunctiscuram
733 2647 936 2730 studiumque
951 2648 1081 2732 reliqui,

333 2734 478 2796 Deditus
492 2732 649 2817 imperiis,
666 2753 751 2796 scere
768 2731 906 2816 Cupido,
921 2734 995 2795 tuis.

240 2905 250 2936 ⁵
268 2899 340 2953 Hist.
354 2899 458 2952 Eccles.
477 2899 524 2952 lib.
544 2899 572 2952 ii.
592 2916 619 2967 p.
639 2905 709 2952 560:
747 2901 868 2950 ciuitatis
885 2899 956 2965 apud
970 2897 1117 2950 Boethium
1134 2900 1166 2951 de
1181 2899 1254 2952 Con-

206 2975 299 3028 Φῆστος
310 2971 346 3019 uls
357 2974 405 3018 τῶν
415 2973 459 3027 τῆς
471 2969 611 3028 συγκλήτου
627 2969 710 3031 ῥώμης,
748 2967 798 3018 sol.
820 2966 889 3019 Phil.
911 2967 957 3018 lib.
977 2967 1004 3019 ii.
1024 2984 1063 3034 pr.
1083 2974 1110 3031 3,
1128 2968 1253 3036 intelligi,

206 3038 263 3102 πρὸς
274 3035 379 3094 βασιλέα
389 3037 489 3086 σταλεὶς
503 3035 661 3085 ’Avaarlarov
676 3033 713 3083 al
749 3035 817 3090 Ren.
832 3035 956 3090 vallinus
977 3036 1006 3088 ln
1025 3044 1115 3090 annot.
1138 3038 1171 3090 ad
1193 3056 1255 3090 eum

207 3125 272 3154 τινας
289 3105 370 3169 χρείας
386 3104 517 3162 πολιτικὰς,
533 3105 608 3152 ἐλθὼν
621 3103 653 3152 εἰς
668 3104 714 3163 τὴν
749 3106 837 3158 locum
851 3106 994 3171 existimat,
1010 3107 1057 3160 ubl
1068 3107 1200 3160 Boethius
1212 3108 1254 3160 dl-

209 3174 329 3232 βασιλίδιι,
342 3180 393 3226 etc.
749 3175 820 3228 citur
832 3178 859 3228 in
872 3177 1033 3244 affinitatem
1043 3180 1200 3246 principum
1215 3182 1253 3231 ci-

244 3245 254 3277 ⁸
268 3243 394 3310 Sigonius
409 3245 490 3295 etiam
506 3241 714 3296 Etr-Consulem
750 3249 845 3298 vitatis
862 3248 988 3312 delectur,
1006 3265 1038 3299 ex
1056 3266 1140 3330 eoque
1157 3251 1254 3317 proba·

209 3319 294 3375 vocat,
309 3312 379 3365 sicut
394 3313 554 3382 Anonymus
571 3329 651 3380 supra
666 3331 712 3366 ca·
749 3315 840 3368 biliter
869 3316 981 3384 colligit,
1014 3317 1127 3386 Elpidrs,
1160 3319 1256 3386 prioris

204 3391 258 3450 put
271 3384 377 3448 Senutr‘,
388 3383 463 3434 Fasti
477 3382 637 3436 Consulares
650 3383 713 3434 Fla·
750 3385 860 3438 Boethii
874 3387 973 3452 uxoris,
988 3393 1100 3454 patrem,
1116 3387 1162 3457 qui
1174 3388 1256 3456 vulgo

208 3451 282 3504 vium
303 3453 414 3506 Festum
434 3470 495 3504 cum
521 3452 613 3504 Flauio
636 3451 713 3504 Mar·
749 3455 897 3522 ignoretur,
923 3455 1005 3508 fuisse
1035 3455 1156 3520 Festum,
1187 3458 1257 3509 sicut

208 3522 285 3573 ciauo
299 3521 444 3574 Consulem
458 3521 712 3588 1114711111-
752 3524 928 3592 Symmachus
944 3525 1025 3577 fuerit
1046 3527 1169 3578 secundae
1188 3543 1255 3578 uxo·-

226 3609 261 3643 ue
271 3591 455 3660 duodeviginti
465 3591 541 3643 annis
551 3597 612 3643 aute
624 3591 712 3643 Theo·
750 3593 786 3645 ris
801 3592 973 3646 Rusticianus.

209 3609 292 3713 ilorici
305 3679 428 3728 regnum,
443 3662 567 3730 produnt.
594 3661 639 3713 Ad
649 3661 714 3713 Fes-
787 3662 892 3716 ⁷Ratio
906 3664 995 3734 aliqua
1013 3663 1125 3717 assumti
1142 3682 1158 3717 a
1175 3664 1257 3719 Festo

208 3738 268 3783 tum
286 3731 380 3783 multae
402 3738 464 3783 sunt
484 3731 603 3799 epistole
626 3731 714 3783 Theo-
753 3733 913 3786 Maximiani
931 3734 959 3786 iu
976 3734 1130 3788 societatem
1142 3735 1256 3804 legatio-

209 3800 292 3853 dorici
306 3800 389 3868 Regis
405 3800 433 3852 in
446 3801 536 3855 Variis
552 3800 714 3866 Cassiodori‚
752 3803 794 3855 uis
806 3821 934 3924 apparere
942 3805 1056 3869 videtur,
1069 3805 1091 3856 si
1101 3805 1197 3858 Festus
1205 3805 1258 3859 fun

210 3870 257 3923 ubi
266 3888 371 3939 semper
377 3870 540 3936 inscribitur,
553 3872 635 3924 Festo
651 3872 717 3924 Viro
752 3872 823 3925 Bo‘et
842 3873 862 3925 ii
874 3891 956 3926 socer.
976 3873 1067 3942 Hujus
1079 3875 1151 3928 euim
1163 3876 1256 3928 amici·

210 3941 319 3992 Illustri
348 3949 430 4010 atque
457 3942 592 3994 Patricio.
634 3939 717 3992 Hunc
753 3942 791 3995 tia
800 3959 862 3994 cum
876 3943 982 3996 floreret
997 3943 1188 4011 Maximianus,
1208 3963 1257 4014 po·

211 4009 331 4075 Festum,
369 4027 476 4080 unaque
515 4010 715 4079 Symmachum,
753 4012 806 4065 tuit
821 4012 902 4066 etiam
916 4014 997 4082 hujus
1012 4031 1105 4067 caussa
1121 4031 1258 4068 commen·

212 4079 321 4132 methir
346 4097 476 4146 socerum,
499 4097 548 4149 per
572 4081 718 4149 Principes
754 4082 831 4136 datas
844 4100 902 4136 esse
914 4101 1005 4137 socero
1016 4083 1134 4138 Boethii.
