3228 4982
348 443 393 504 24
716 437 919 505 Mammam
937 433 1030 504 Asu,

349 603 449 655 torem
471 590 598 654 habent.
645 592 727 655 Haec
752 591 954 654 Fontaninus.
1002 590 1144 653 Revera
1163 599 1270 654 tamen
1291 589 1400 656 Maxi-

348 678 491 740 mianum
508 675 773 761 Elegiographum
788 677 820 738 in
839 676 950 739 scholis
966 676 1095 750 lectum,
1111 697 1153 739 ex
1173 676 1240 738 aliis
1258 679 1398 740 testimo·

349 762 408 824 niis
429 772 558 842 constat,
580 773 612 825 et
631 762 758 825 fortasse
776 761 958 836 ¹communio
975 760 1110 824 nominis
1130 759 1214 836 lecit,
1236 773 1272 825 ut
1292 761 1398 824 Maxi-

348 847 454 910 miano
476 870 539 911 uno
564 848 779 911 Grammatico
802 856 936 930 recept0,
961 845 1056 908 etiarn
1082 844 1162 908 alter
1187 857 1290 930 poeta,
1313 849 1398 932 quod

349 933 510 996 sententiis
533 933 650 1008 creber,
672 943 706 995 et
727 932 766 995 de
787 931 851 994 vita
872 931 1011 994 humana
1032 931 1184 993 nonnulla
1206 954 1269 994 non
1291 931 1397 1016 inepte

349 1040 478 1081 monere
500 1018 673 1094 videbatur,
697 1027 930 1102 proponeretur.
988 1017 1149 1079 Caeterum
1172 1016 1268 1079 etiam
1293 1016 1398 1080 Maxi·

349 1103 473 1166 mianus
494 1103 616 1189 aliquiS,
638 1125 772 1166 severior
793 1113 894 1188 poeta,
916 1111 949 1164 et
971 1100 1143 1184 disciplinae
1166 1102 1245 1164 adeo
1268 1102 1398 1184 castiga·

348 1188 503 1287 tionisque
529 1209 647 1274 asperae
677 1188 912 1251 commendator
940 1197 1080 1271 repertus
1106 1185 1269 1269 lectusque
1292 1187 1398 1266 medio

349 1297 417 1337 aevo
439 1275 571 1348 videtur,
595 1273 749 1358 siquidem
772 1272 907 1336 Jacobus
931 1270 1054 1353 Magni,
1075 1271 1131 1354 qui
1153 1271 1185 1332 in
1211 1271 1397 1356 Sophologio

351 1358 583 1421 Maximianum
598 1357 711 1441 saepius
729 1356 813 1432 citat,
832 1356 969 1454 quodam
989 1356 1057 1419 loco
1075 1377 1180 1418 versus
1200 1356 1319 1440 aliquot
1339 1358 1397 1420 sub

350 1443 461 1506 eodem
485 1442 612 1505 nomine
638 1441 775 1516 adducit,
802 1464 857 1526 qur
883 1441 915 1503 in
944 1440 1134 1503 Maximiani
1160 1439 1278 1522 Elegiis
1304 1441 1397 1504 hodie

349 1550 412 1589 non
436 1527 592 1610 leguntur,
617 1537 649 1590 et
672 1526 742 1589 stilo
765 1536 861 1611 atque
885 1548 986 1600 sensu,
1011 1535 1046 1587 ut
1068 1525 1112 1587 ita
1137 1524 1250 1600 dicam,
1275 1549 1398 1609 prorsus

348 1612 525 1675 monachali
548 1612 700 1695 concepti,
722 1611 877 1674 cruciatus
896 1610 1029 1694 corporis
1050 1610 1270 1673 commendare
1288 1611 1398 1674 viden·

348 1709 409 1773 tur,
426 1720 503 1783 quos
518 1697 577 1760 sibi
591 1696 733 1760 homines
753 1695 887 1778 religiosi
907 1696 948 1760 ad
968 1694 1154 1758 coercendas
1174 1695 1319 1758 libidines
1338 1696 1398 1758 im-

349 1806 465 1867 ponere
481 1783 590 1846 solent.
630 1782 757 1866 Nempe
774 1780 953 1865 Sophologii
968 1780 1049 1843 libro
1063 1779 1094 1842 ii.
1111 1803 1178 1864 cap.
1193 1786 1224 1856 2,
1242 1784 1398 1865 quomodo

350 1879 469 1931 reaturo
485 1871 575 1952 cupit
589 1870 734 1942 virtutes,
751 1866 820 1928 haee
835 1867 898 1930 duo
919 1865 1109 1929 Maximiani
1125 1865 1257 1929 disticha
1271 1864 1383 1928 refert:

437 1985 599 2068 Amplecti
614 1988 761 2048 mundum
777 1987 978 2069 quorundam
992 1994 1067 2048 vota
1084 1984 1247 2060 laborant,

483 2071 550 2134 Sed
564 2071 646 2134 cotis
663 2070 768 2133 obstat
783 2069 915 2134 verbere
930 2069 1011 2132 trito
1026 2064 1115 2132 corb.

436 2155 524 2218 Nam
540 2178 597 2218 nos·
612 2179 633 2220 a
649 2156 738 2219 vitiis
753 2155 922 2217 mirationis
937 2175 1024 2237 crepe
1039 2154 1189 2216 retardat

486 2240 642 2322 Corporis
657 2241 819 2315 anxietas,
837 2241 965 2311 domna,
973 2239 1253 2324 flagillu,some.r.

352 2371 433 2432 Haec
452 2370 526 2455 quia
542 2369 635 2453 plane
656 2393 675 2432 a
696 2361 884 2432 Maximiani
906 2370 1030 2433 Etrusci
1048 2370 1140 2452 genio
1161 2369 1346 2454 discrepant,
1366 2373 1398 2434 in

349 2477 420 2518 eam
435 2478 488 2517 me
503 2455 690 2518 sententiam
705 2454 875 2528 adducunt,
892 2465 927 2517 ut
946 2455 1081 2529 credam,
1098 2465 1152 2518 aut
1170 2455 1309 2518 extitisse
1330 2479 1398 2520 aevo

349 2541 454 2603 medio
471 2539 702 2603 Maximianum
726 2539 823 2603 alium
845 2551 878 2602 et
900 2539 1057 2603 diversum
1079 2540 1119 2602 ab
1145 2539 1286 2615 Etrusco,
1310 2542 1399 2625 cujus

350 2626 428 2688 forte
444 2625 559 2688 fuerint
575 2625 722 2700 carmina,
738 2647 810 2710 quae
827 2625 976 2688 Labbeus
992 2636 1158 2700 memorat,
1174 2628 1213 2689 de
1231 2629 1349 2690 virtute
1366 2637 1399 2690 et

350 2713 487 2786 invidio,
512 2714 552 2774 de
574 2713 637 2784 ira,
651 2712 817 2794 patientia
844 2721 943 2794 atque
969 2713 1123 2785 avaritia,
1149 2720 1204 2773 aut
1229 2710 1398 2773 Etruscum

350 2794 440 2857 illum
469 2793 696 2857 monachilibus
726 2793 892 2878 praeceptis
919 2793 1009 2856 valde
1039 2793 1270 2878 interpolatum,
1298 2805 1330 2856 et
1358 2796 1399 2859 ab

350 2879 492 2943 obscenis
513 2879 632 2943 lascivis
655 2878 787 2942 uelocis
807 2889 975 2964 purgatum
993 2878 1097 2955 fuisse,
1116 2891 1152 2943 ut
1170 2890 1261 2964 aptus
1271 2880 1400 2943 schola-

350 2989 421 3028 rum
441 2965 567 3028 lectioni
584 2977 617 3029 et
657 2965 806 3050 ‘ciplinae
825 2976 914 3028 esset
961 2965 1004 3029 Et
1025 2965 1279 3051 interpolationes
1300 2965 1399 3029 varias

351 3051 484 3113 subinde
509 3062 672 3135 expertum
696 3073 762 3114 esse
790 3050 1032 3127 Maximianum,
1057 3051 1126 3114 loca
1154 3051 1306 3114 nonnulla
1333 3073 1400 3114 ma·

349 3136 578 3218 nuscriptorum
600 3146 742 3198 veterum
764 3135 860 3198 etiam
882 3158 967 3198 nunc
989 3135 1166 3212 ostendunt,
1190 3136 1344 3220 siquidem
1367 3136 1400 3198 in

351 3218 458 3280 codice
474 3218 724 3299 Luneburgensi‚
741 3218 791 3281 vel
807 3218 996 3294 Niclasian0,
1012 3229 1081 3303 post
1100 3242 1223 3282 versum
1239 3225 1304 3283 234
1325 3220 1400 3284 Ele-

351 3302 411 3384 giae
427 3301 446 3364 i.
463 3324 567 3365 versus
585 3302 766 3364 hexameter
783 3301 903 3364 alienus
920 3302 1128 3386 interponitur
1137 3328 1146 3378 ;
1174 3303 1256 3366 etin
1276 3305 1398 3380 eodem,
1479 3365 1482 3372 .

350 3398 419 3449 tum
446 3387 478 3449 in
503 3387 654 3450 Vossiano
680 3397 713 3449 et
740 3386 1008 3463 Rottendorfiano‚
1034 3410 1111 3472 quos
1137 3387 1263 3451 collatos
1287 3388 1398 3465 habeo,

351 3483 419 3556 post
443 3495 565 3536 versum
590 3477 642 3535 40.
671 3471 791 3555 Elegiae
817 3471 849 3534 ii.
873 3471 1026 3535 distichon
1056 3473 1214 3556 integrum
1244 3473 1398 3550 inseritur,

352 3559 438 3643 quod
455 3557 646 3642 exemplaria
661 3557 811 3641 impressa
830 3580 893 3620 non
913 3569 1094 3640 agnoscunt.
1142 3557 1328 3622 Referemus
1348 3582 1400 3624 eos

351 3667 465 3718 versus,
482 3666 538 3706 suo
552 3666 692 3728 quosque
708 3643 785 3718 loco,
801 3643 884 3706 inter
899 3643 1064 3707 Variantes
1079 3642 1150 3707 lect.

396 3729 599 3812 Quamquam
617 3727 830 3790 Maximianus
851 3726 1031 3812 frequenter
1051 3738 1098 3790 est
1115 3728 1227 3803 editus,
1242 3729 1399 3792 beneficio

352 3812 481 3897 quidem
502 3812 752 3875 Triumvirorum
772 3822 944 3895 poetarum,
969 3812 1095 3887 Catulli,
1116 3812 1189 3874 Tib.
1211 3813 1303 3897 Prop.
1323 3837 1400 3900 quo-

352 3921 422 3960 rum
449 3897 481 3960 in
508 3896 695 3960 consortium
722 3897 818 3959 semel
845 3908 912 3961 erat
937 3908 1089 3982 receptus,
1117 3908 1266 3961 caeterum
1292 3909 1400 3962 tamen

351 3981 512 4063 neglectus
527 3983 753 4068 despectusque
769 3982 871 4065 jacuit
887 3982 920 4044 iu
938 3993 1072 4058 tantum,
1091 3993 1127 4045 ut
1146 3983 1307 4046 neminem
1329 4007 1400 4046 eru-

350 4067 486 4129 ditorum
505 4067 610 4142 sciam,
627 4068 681 4153 qui
703 4069 770 4150 ejus
793 4067 907 4150 elegias
929 4067 1076 4150 singulari
1099 4090 1173 4132 cura
1195 4070 1400 4133 recensendas
