3228 4982
374 467 416 526 50
713 453 919 526 Maximam
936 457 1087 525 Errare.

376 614 420 678 Et
433 614 508 701 quia
521 635 585 676 non
600 623 741 696 poteram
756 622 859 676 tantas
874 613 1006 678 evadere
1022 613 1129 688 moles,

420 715 552 780 Nescius
567 714 600 777 in
615 713 756 799 scopulos
771 724 804 777 et
817 714 899 778 vada
913 737 1000 779 coeca
1014 714 1104 778 feror.
1126 734 1130 740 ’

376 816 465 892 Quid
479 815 612 880 reseram
627 837 750 899 gressus
765 826 850 880 certa
864 839 896 879 se
911 816 982 899 lege
996 813 1186 880 moventes?

421 918 656 1003 suspensosque
670 916 759 980 novis
773 915 933 1001 plausibus
948 916 992 980 ire
1007 915 1128 1001 pedes?

377 1018 507 1083 Grande
523 1027 600 1093 erat,
616 1017 746 1080 inflexos
760 1015 908 1112 gradibus
922 1039 1088 1081 numerare
1103 1015 1239 1102 capillos

422 1121 551 1184 Grande
567 1129 634 1183 erat
649 1118 682 1182 in
697 1118 789 1184 niveo
802 1117 890 1204 pulla
905 1119 1006 1183 colore
1021 1141 1120 1182 corna.

380 1222 525 1287 Urebant
540 1221 645 1286 oculos
660 1221 747 1286 durae
763 1231 942 1306 stantesque
957 1221 1093 1307 papillas,

423 1323 467 1388 Et
481 1346 558 1410 quas
573 1321 768 1406 adstringens
783 1321 944 1385 clauderet
958 1345 1022 1387 una
1036 1345 1156 1386 manus

377 1425 432 1489 Ah
446 1435 600 1512 quantum
615 1433 757 1487 mentem
772 1422 923 1486 stomachi
938 1421 1055 1487 fultura
1068 1424 1225 1499 movebat,
1269 1425 1275 1490 ¹.

423 1527 529 1612 Atque
545 1525 604 1589 sub
619 1524 770 1588 exhausto
783 1534 909 1609 pectore
924 1524 1043 1610 pingue
1057 1525 1169 1589 femur.
1267 1521 1276 1598 l

381 1628 506 1692 Urebar
519 1637 644 1690 teneros
659 1625 851 1708 adstringere
866 1623 988 1689 fortiter
1001 1637 1096 1702 artus,

423 1727 501 1793 Visa
514 1751 571 1813 per
586 1727 748 1812 amplexus
763 1749 831 1791 ossa
845 1749 954 1792 sonare
968 1749 1065 1791 meos.

381 1830 533 1906 Grandia,
549 1829 716 1905 clamabat,
732 1828 865 1892 nimium
880 1851 932 1892 me
947 1829 1076 1893 brachia
1089 1829 1228 1894 laedunt:

424 1929 499 1994 Non
513 1929 649 1993 tolerant
662 1929 785 2014 pondus
800 1929 926 1994 subdita
939 1930 1083 1994 membra
1097 1940 1198 1993 tuum.

381 2029 516 2116 Dirigui‚
533 2040 731 2118 quantusque
746 2029 806 2094 fuit
821 2031 905 2094 calor
919 2054 988 2095 ossa
1001 2030 1137 2118 reliquit,
1190 2045 1194 2060 ’

426 2134 469 2198 Et
484 2142 559 2197 nata
573 2143 621 2195 est
635 2154 725 2197 venae
740 2154 834 2196 causa
847 2132 997 2218 pudenda
1010 2155 1102 2197 meae.

383 2235 456 2299 Non
472 2233 515 2298 sic
530 2234 579 2297 lac
593 2244 739 2296 tenerum
753 2235 909 2318 permixta
923 2235 1053 2319 coagula
1068 2235 1221 2299 reddunt:

426 2334 500 2398 Non
515 2333 626 2420 liquidi
640 2332 743 2396 mollis
758 2355 870 2418 spuma
884 2335 1012 2421 liquoris
1027 2335 1094 2399 erit.

384 2434 555 2514 Succubui‚¹
569 2433 678 2509 fateor,
697 2434 803 2497 Graiae
819 2445 888 2498 tum
903 2435 1025 2499 nescius
1040 2437 1134 2500 artis:

427 2535 587 2600 Succubui
603 2536 709 2599 Tusca
723 2535 920 2622 simplicitate
936 2559 1043 2602 senex.

385 2640 467 2715 Quae
483 2638 612 2703 defensa
626 2660 691 2716 suo,
708 2649 854 2724 superata
868 2651 924 2715 est,
942 2640 1091 2716 Hectore,
1109 2639 1224 2726 Troja:

428 2741 539 2805 Unum
554 2764 618 2805 uon
633 2751 755 2826 poterat
769 2740 853 2804 fraus
867 2764 1013 2826 superare
1028 2742 1160 2806 senem?

384 2841 529 2906 Muneris
544 2840 676 2927 injuncti
692 2862 799 2905 curam
814 2841 1016 2927 studiumque
1031 2842 1153 2929 reliqui.

428 2943 564 3008 Deditus
578 2942 726 3029 imperiis,
742 2965 823 3008 saeve
840 2943 974 3028 Cupido,
991 2943 1061 3007 tuis

387 3045 438 3110 Ne
452 3068 628 3110 memorare
641 3045 741 3131 pudet
755 3045 811 3110 tali
824 3067 877 3109 me
892 3046 1022 3110 vulnere
1036 3046 1164 3122 victum,

430 3147 582 3211 Subditus
596 3145 644 3208 lais
658 3146 794 3210 fiammis
808 3146 932 3231 Jupiter
946 3147 1012 3231 ipse
1027 3148 1095 3211 fuit.

387 3245 439 3309 Sic
453 3244 532 3309 mihi
546 3246 649 3330 prima
663 3245 792 3329 quidem
807 3266 870 3307 nox
884 3245 994 3321 adfuit,
1011 3258 1043 3310 et
1058 3269 1114 3310 sua
1128 3246 1218 3312 solvit

428 3345 568 3410 Munera
581 3344 749 3428 grandaevo
763 3343 815 3409 vix
829 3344 993 3409 subeunda
1007 3347 1082 3410 viro.

387 3446 537 3513 Proxima
551 3444 692 3511 destituit
705 3445 795 3521 vires,
811 3468 990 3533 vacuusque
1007 3449 1134 3513 recessit

430 3549 544 3627 Ardor,
560 3560 593 3614 et
606 3548 640 3612 iu
655 3546 815 3612 Venerem
831 3547 934 3634 segnis
948 3559 984 3612 ut
999 3561 1071 3614 ante
1087 3550 1142 3615 fui.

387 3650 456 3728 Illa,
472 3650 559 3716 velut
573 3649 732 3735 proprium
747 3659 893 3734 repetens
907 3648 1021 3717 infesta
1033 3653 1198 3729 tributum,

430 3752 540 3828 Instat,
556 3762 589 3816 et
602 3751 800 3835 increpitans,
818 3750 936 3815 Debita
951 3753 1079 3817 reddis?
1100 3754 1153 3818 ait.

339 3897 340 3902 κ
389 3855 453 3919 Sed
467 3854 547 3918 nihil
560 3853 612 3918 hic
627 3853 753 3929 elamor,
769 3851 814 3915 nil
829 3874 931 3917 sermo
945 3855 1030 3919 mitis
1045 3857 1175 3939 agebat:

430 3956 526 4031 Quod
539 3967 652 4020 natura
666 3965 770 4039 negat,
787 3955 918 4019 reddere
933 3979 1028 4022 nemo
1042 3967 1152 4044 potest.

385 4057 507 4130 Erubui
523 4058 708 4144 stupuique:
731 4079 840 4120 omnes
855 4059 1044 4123 verecundia
1058 4068 1160 4122 motus
