<?xml version="1.0" encoding="UTF-8"?>
<!DOCTYPE html PUBLIC "-//W3C//DTD XHTML 1.0 Transitional//EN"
    "http://www.w3.org/TR/xhtml1/DTD/xhtml1-transitional.dtd">
<html xmlns="http://www.w3.org/1999/xhtml" xml:lang="en" lang="en">
 <head>
  <title>
</title>
<meta http-equiv="Content-Type" content="text/html;charset=utf-8" />
  <meta name='ocr-system' content='tesseract 3.04.00' />
  <meta name='ocr-capabilities' content='ocr_page ocr_carea ocr_par ocr_line ocrx_word'/>
</head>
<body>
  <div class='ocr_page' id='page_1' title='image "./elegiaesexexrec00gilegoog_0041.png"; bbox 0 0 3228 4982; ppageno 0'>
   <div class='ocr_carea' id='block_1_1' title="bbox 363 410 1108 477">
    <p class='ocr_par' dir='ltr' id='par_1_1' title="bbox 363 410 1108 477">
     <span class='ocr_line' id='line_1_1' title="bbox 363 410 1108 477; baseline -0.007 -1"><span class='ocrx_word' id='word_1_1' title='bbox 363 415 406 477; x_wconf 83' lang='lat'><em>30</em></span> <span class='ocrx_word' id='word_1_2' title='bbox 676 411 894 474; x_wconf 77' lang='lat' dir='ltr'><em>Tnsrnnorun</em></span> <span class='ocrx_word' id='word_1_3' title='bbox 912 431 952 473; x_wconf 83' lang='lat' dir='ltr'><em>nr</em></span> <span class='ocrx_word' id='word_1_4' title='bbox 970 410 1108 474; x_wconf 80' lang='lat' dir='ltr'><em>Jun1c1n</em></span> 
     </span>
    </p>
   </div>
   <div class='ocr_carea' id='block_1_2' title="bbox 349 561 1415 3350">
    <p class='ocr_par' dir='ltr' id='par_1_2' title="bbox 358 561 1415 1816">
     <span class='ocr_line' id='line_1_2' title="bbox 361 561 1415 645; baseline -0.001 -19"><span class='ocrx_word' id='word_1_5' title='bbox 361 563 479 636; x_wconf 89' lang='lat' dir='ltr'><em>tiam¹,·</em></span> <span class='ocrx_word' id='word_1_6' title='bbox 508 562 564 644; x_wconf 88' lang='lat' dir='ltr'><em>qui</em></span> <span class='ocrx_word' id='word_1_7' title='bbox 589 562 775 626; x_wconf 85' lang='lat' dir='ltr'><em>tralaticios</em></span> <span class='ocrx_word' id='word_1_8' title='bbox 798 564 953 645; x_wconf 84' lang='lat' dir='ltr'><em>quosdam</em></span> <span class='ocrx_word' id='word_1_9' title='bbox 977 573 1009 626; x_wconf 88' lang='lat' dir='ltr'><em>et</em></span> <span class='ocrx_word' id='word_1_10' title='bbox 1033 561 1199 625; x_wconf 88' lang='lat' dir='ltr'><em>ementitos</em></span> <span class='ocrx_word' id='word_1_11' title='bbox 1222 583 1334 625; x_wconf 84' lang='lat' dir='ltr'><em>uersus</em></span> <span class='ocrx_word' id='word_1_12' title='bbox 1356 562 1415 626; x_wconf 91' lang='lat' dir='ltr'><em>sab</em></span> 
     </span>
     <span class='ocr_line' id='line_1_3' title="bbox 366 647 1413 730; baseline 0 -20"><span class='ocrx_word' id='word_1_13' title='bbox 366 647 460 710; x_wconf 88' lang='lat' dir='ltr'><em>Galli</em></span> <span class='ocrx_word' id='word_1_14' title='bbox 470 656 580 730; x_wconf 86' lang='lat' dir='ltr'><em>poetae</em></span> <span class='ocrx_word' id='word_1_15' title='bbox 596 648 717 709; x_wconf 87' lang='lat' dir='ltr'><em>nomine</em></span> <span class='ocrx_word' id='word_1_16' title='bbox 736 647 916 722; x_wconf 83' lang='lat' dir='ltr'><em>ediderunt,</em></span> <span class='ocrx_word' id='word_1_17' title='bbox 936 670 1005 710; x_wconf 89' lang='lat' dir='ltr'><em>eum</em></span> <span class='ocrx_word' id='word_1_18' title='bbox 1026 649 1060 709; x_wconf 90' lang='lat' dir='ltr'><em>in</em></span> <span class='ocrx_word' id='word_1_19' title='bbox 1082 648 1125 709; x_wconf 88' lang='lat' dir='ltr'><em>iis</em></span> <span class='ocrx_word' id='word_1_20' title='bbox 1147 667 1248 729; x_wconf 87' lang='lat' dir='ltr'><em>neque</em></span> <span class='ocrx_word' id='word_1_21' title='bbox 1264 648 1413 730; x_wconf 78' lang='lat' dir='ltr'><em>phrasis,</em></span> 
     </span>
     <span class='ocr_line' id='line_1_4' title="bbox 361 730 1415 816; baseline 0.001 -23"><span class='ocrx_word' id='word_1_22' title='bbox 361 754 419 795; x_wconf 89' lang='lat' dir='ltr'><em>nec</em></span> <span class='ocrx_word' id='word_1_23' title='bbox 440 741 562 814; x_wconf 83' lang='lat' dir='ltr'><em>tempus</em></span> <span class='ocrx_word' id='word_1_24' title='bbox 586 730 687 794; x_wconf 88' lang='lat' dir='ltr'><em>Gallo</em></span> <span class='ocrx_word' id='word_1_25' title='bbox 706 732 905 806; x_wconf 84' lang='lat' dir='ltr'><em>conueniant,</em></span> <span class='ocrx_word' id='word_1_26' title='bbox 923 734 978 814; x_wconf 85' lang='lat' dir='ltr'><em>qui</em></span> <span class='ocrx_word' id='word_1_27' title='bbox 998 731 1094 794; x_wconf 91' lang='lat' dir='ltr'><em>tertio</em></span> <span class='ocrx_word' id='word_1_28' title='bbox 1113 740 1145 794; x_wconf 92' lang='lat' dir='ltr'><em>et</em></span> <span class='ocrx_word' id='word_1_29' title='bbox 1163 732 1415 816; x_wconf 88' lang='lat' dir='ltr'><em>quadragesimo</em></span> 
     </span>
     <span class='ocr_line' id='line_1_5' title="bbox 362 816 1415 891; baseline 0.001 -13"><span class='ocrx_word' id='word_1_30' title='bbox 362 839 430 878; x_wconf 83' lang='lat' dir='ltr'><em>succ</em></span> <span class='ocrx_word' id='word_1_31' title='bbox 445 816 555 878; x_wconf 82' lang='lat' dir='ltr'><em>celatis</em></span> <span class='ocrx_word' id='word_1_32' title='bbox 569 838 664 891; x_wconf 85' lang='lat' dir='ltr'><em>anuo,</em></span> <span class='ocrx_word' id='word_1_33' title='bbox 675 839 736 879; x_wconf 90' lang='lat' dir='ltr'><em>sua</em></span> <span class='ocrx_word' id='word_1_34' title='bbox 751 817 877 881; x_wconf 88' lang='lat' dir='ltr'><em>sibimet</em></span> <span class='ocrx_word' id='word_1_35' title='bbox 893 839 987 878; x_wconf 91' lang='lat' dir='ltr'><em>manu</em></span> <span class='ocrx_word' id='word_1_36' title='bbox 1003 825 1134 878; x_wconf 88' lang='lat' dir='ltr'><em>mortem</em></span> <span class='ocrx_word' id='word_1_37' title='bbox 1150 817 1313 891; x_wconf 77' lang='lat' dir='ltr'><strong><em>accersiit,</em></strong></span> <span class='ocrx_word' id='word_1_38' title='bbox 1324 817 1356 879; x_wconf 88' lang='lat' dir='ltr'><em>iu</em></span> <span class='ocrx_word' id='word_1_39' title='bbox 1373 816 1415 879; x_wconf 89' lang='lat' dir='ltr'><em>iis</em></span> 
     </span>
     <span class='ocr_line' id='line_1_6' title="bbox 362 899 1415 984; baseline -0.001 -20"><span class='ocrx_word' id='word_1_40' title='bbox 362 909 468 964; x_wconf 86' lang='lat' dir='ltr'><em>autem</em></span> <span class='ocrx_word' id='word_1_41' title='bbox 483 922 518 963; x_wconf 87' lang='lat' dir='ltr'><em>se</em></span> <span class='ocrx_word' id='word_1_42' title='bbox 532 922 637 962; x_wconf 87' lang='lat' dir='ltr'><em>senem</em></span> <span class='ocrx_word' id='word_1_43' title='bbox 652 902 818 964; x_wconf 75' lang='lat' dir='ltr'><em>describit.</em></span> <span class='ocrx_word' id='word_1_44' title='bbox 866 901 935 963; x_wconf 83' lang='lat' dir='ltr'><em>Sed</em></span> <span class='ocrx_word' id='word_1_45' title='bbox 953 923 1011 964; x_wconf 90' lang='lat' dir='ltr'><em>nec</em></span> <span class='ocrx_word' id='word_1_46' title='bbox 1031 901 1065 963; x_wconf 88' lang='lat' dir='ltr'><em>in</em></span> <span class='ocrx_word' id='word_1_47' title='bbox 1080 900 1253 984; x_wconf 83' lang='lat' dir='ltr'><em>plerisque</em></span> <span class='ocrx_word' id='word_1_48' title='bbox 1270 899 1415 963; x_wconf 87' lang='lat' dir='ltr'><em>uersibus</em></span> 
     </span>
     <span class='ocr_line' id='line_1_7' title="bbox 358 984 1414 1069; baseline 0.001 -23"><span class='ocrx_word' id='word_1_49' title='bbox 358 1007 465 1068; x_wconf 85' lang='lat' dir='ltr'><em>purus</em></span> <span class='ocrx_word' id='word_1_50' title='bbox 483 994 515 1047; x_wconf 90' lang='lat' dir='ltr'><em>et</em></span> <span class='ocrx_word' id='word_1_51' title='bbox 535 985 680 1047; x_wconf 86' lang='lat' dir='ltr'><em>sincerus</em></span> <span class='ocrx_word' id='word_1_52' title='bbox 704 995 752 1048; x_wconf 91' lang='lat' dir='ltr'><em>est</em></span> <span class='ocrx_word' id='word_1_53' title='bbox 775 1007 877 1048; x_wconf 89' lang='lat' dir='ltr'><em>sermo</em></span> <span class='ocrx_word' id='word_1_54' title='bbox 899 986 1048 1058; x_wconf 89' lang='lat' dir='ltr'><em>Latinas,</em></span> <span class='ocrx_word' id='word_1_55' title='bbox 1066 986 1142 1069; x_wconf 85' lang='lat' dir='ltr'><em>quin</em></span> <span class='ocrx_word' id='word_1_56' title='bbox 1162 993 1194 1046; x_wconf 89' lang='lat' dir='ltr'><em>et</em></span> <span class='ocrx_word' id='word_1_57' title='bbox 1213 984 1414 1067; x_wconf 73' lang='lat' dir='ltr'><em>syllabarum</em></span> 
     </span>
     <span class='ocr_line' id='line_1_8' title="bbox 361 1070 1413 1154; baseline 0.002 -23"><span class='ocrx_word' id='word_1_58' title='bbox 361 1092 470 1143; x_wconf 81' lang='lat' dir='ltr'><em>marce,</em></span> <span class='ocrx_word' id='word_1_59' title='bbox 501 1078 533 1132; x_wconf 90' lang='lat' dir='ltr'><em>et</em></span> <span class='ocrx_word' id='word_1_60' title='bbox 562 1078 708 1151; x_wconf 68' lang='lat' dir='ltr'><em>tenuiora</em></span> <span class='ocrx_word' id='word_1_61' title='bbox 738 1070 832 1132; x_wconf 87' lang='lat' dir='ltr'><em>metri</em></span> <span class='ocrx_word' id='word_1_62' title='bbox 865 1070 956 1154; x_wconf 89' lang='lat' dir='ltr'><em>leges</em></span> <span class='ocrx_word' id='word_1_63' title='bbox 989 1091 1213 1153; x_wconf 88' lang='lat' dir='ltr'><em>nonuunquam</em></span> <span class='ocrx_word' id='word_1_64' title='bbox 1242 1071 1413 1133; x_wconf 87' lang='lat' dir='ltr'><em>excedunt.</em></span> 
     </span>
     <span class='ocr_line' id='line_1_9' title="bbox 361 1153 1409 1238; baseline 0 -22"><span class='ocrx_word' id='word_1_65' title='bbox 361 1153 561 1216; x_wconf 79' lang='lat' dir='ltr'><em>Maximiani</em></span> <span class='ocrx_word' id='word_1_66' title='bbox 577 1176 663 1228; x_wconf 84' lang='lat' dir='ltr'><em>nero,</em></span> <span class='ocrx_word' id='word_1_67' title='bbox 679 1154 851 1238; x_wconf 81' lang='lat' dir='ltr'><em>nugatorie</em></span> <span class='ocrx_word' id='word_1_68' title='bbox 866 1155 1033 1238; x_wconf 82' lang='lat' dir='ltr'><em>cujusdam</em></span> <span class='ocrx_word' id='word_1_69' title='bbox 1053 1163 1085 1216; x_wconf 92' lang='lat' dir='ltr'><em>et</em></span> <span class='ocrx_word' id='word_1_70' title='bbox 1104 1153 1268 1217; x_wconf 78' lang='lat' dir='ltr'><em>nebulonis</em></span> <span class='ocrx_word' id='word_1_71' title='bbox 1285 1153 1409 1237; x_wconf 81' lang='lat' dir='ltr'><em>potius,</em></span> 
     </span>
     <span class='ocr_line' id='line_1_10' title="bbox 360 1237 1412 1320; baseline 0.001 -20"><span class='ocrx_word' id='word_1_72' title='bbox 360 1261 469 1301; x_wconf 90' lang='lat' dir='ltr'><em>eorum</em></span> <span class='ocrx_word' id='word_1_73' title='bbox 491 1260 603 1300; x_wconf 82' lang='lat' dir='ltr'><em>uersus</em></span> <span class='ocrx_word' id='word_1_74' title='bbox 631 1239 766 1320; x_wconf 82' lang='lat' dir='ltr'><em>plurimi</em></span> <span class='ocrx_word' id='word_1_75' title='bbox 787 1248 871 1300; x_wconf 80' lang='lat' dir='ltr'><em>surrt.</em></span> <span class='ocrx_word' id='word_1_76' title='bbox 916 1239 964 1302; x_wconf 89' lang='lat' dir='ltr'><em>Et</em></span> <span class='ocrx_word' id='word_1_77' title='bbox 986 1240 1016 1301; x_wconf 91' lang='lat' dir='ltr'><em>si</em></span> <span class='ocrx_word' id='word_1_78' title='bbox 1038 1240 1099 1301; x_wconf 82' lang='lat' dir='ltr'><em>ltoc</em></span> <span class='ocrx_word' id='word_1_79' title='bbox 1121 1237 1224 1302; x_wconf 84' lang='lat' dir='ltr'><em>acetis</em></span> <span class='ocrx_word' id='word_1_80' title='bbox 1246 1242 1345 1314; x_wconf 75' lang='lat' dir='ltr'><em>nisse,</em></span> <span class='ocrx_word' id='word_1_81' title='bbox 1369 1260 1412 1301; x_wconf 82' lang='lat' dir='ltr'><em>ex</em></span> 
     </span>
     <span class='ocr_line' id='line_1_11' title="bbox 360 1323 1410 1406; baseline -0.001 -20"><span class='ocrx_word' id='word_1_82' title='bbox 360 1323 591 1386; x_wconf 84' lang='lat' dir='ltr'><em>uetustioribus</em></span> <span class='ocrx_word' id='word_1_83' title='bbox 613 1324 720 1384; x_wconf 85' lang='lat' dir='ltr'><em>adbuc</em></span> <span class='ocrx_word' id='word_1_84' title='bbox 743 1323 934 1405; x_wconf 75' lang='lat' dir='ltr'><em>quibasdam</em></span> <span class='ocrx_word' id='word_1_85' title='bbox 957 1323 1198 1406; x_wconf 72' lang='lat' dir='ltr'><em>exemplaribus</em></span> <span class='ocrx_word' id='word_1_86' title='bbox 1219 1331 1269 1386; x_wconf 90' lang='lat' dir='ltr'><em>est</em></span> <span class='ocrx_word' id='word_1_87' title='bbox 1291 1324 1410 1399; x_wconf 84' lang='lat' dir='ltr'><em>uidere,</em></span> 
     </span>
     <span class='ocr_line' id='line_1_12' title="bbox 360 1405 1411 1492; baseline 0.001 -22"><span class='ocrx_word' id='word_1_88' title='bbox 360 1407 394 1470; x_wconf 86' lang='lat' dir='ltr'><em>in</em></span> <span class='ocrx_word' id='word_1_89' title='bbox 411 1405 526 1491; x_wconf 88' lang='lat' dir='ltr'><em>quibus</em></span> <span class='ocrx_word' id='word_1_90' title='bbox 543 1407 744 1470; x_wconf 76' lang='lat' dir='ltr'><em>Maximiani</em></span> <span class='ocrx_word' id='word_1_91' title='bbox 759 1407 865 1490; x_wconf 84' lang='lat' dir='ltr'><em>ipsius</em></span> <span class='ocrx_word' id='word_1_92' title='bbox 878 1429 989 1470; x_wconf 90' lang='lat' dir='ltr'><em>nomen</em></span> <span class='ocrx_word' id='word_1_93' title='bbox 1004 1408 1136 1492; x_wconf 83' lang='lat' dir='ltr'><em>legitur,</em></span> <span class='ocrx_word' id='word_1_94' title='bbox 1152 1407 1253 1478; x_wconf 89' lang='lat' dir='ltr'><em>illius,</em></span> <span class='ocrx_word' id='word_1_95' title='bbox 1270 1408 1411 1492; x_wconf 86' lang='lat' dir='ltr'><em>inquam,</em></span> 
     </span>
     <span class='ocr_line' id='line_1_13' title="bbox 360 1490 1411 1576; baseline 0 -22"><span class='ocrx_word' id='word_1_96' title='bbox 360 1491 573 1563; x_wconf 78' lang='lat' dir='ltr'><em>Maximiani,</em></span> <span class='ocrx_word' id='word_1_97' title='bbox 589 1491 679 1575; x_wconf 79' lang='lat' dir='ltr'><em>cujas</em></span> <span class='ocrx_word' id='word_1_98' title='bbox 694 1499 727 1554; x_wconf 91' lang='lat' dir='ltr'><em>et</em></span> <span class='ocrx_word' id='word_1_99' title='bbox 741 1491 881 1576; x_wconf 90' lang='lat' dir='ltr'><em>insignis</em></span> <span class='ocrx_word' id='word_1_100' title='bbox 899 1491 1131 1556; x_wconf 77' lang='lat' dir='ltr'><em>Grammaticos</em></span> <span class='ocrx_word' id='word_1_101' title='bbox 1151 1501 1294 1576; x_wconf 85' lang='lat' dir='ltr'><em>nugator</em></span> <span class='ocrx_word' id='word_1_102' title='bbox 1309 1490 1411 1555; x_wconf 83' lang='lat' dir='ltr'><em>Alex-</em></span> 
     </span>
     <span class='ocr_line' id='line_1_14' title="bbox 359 1577 1412 1660; baseline 0.001 -23"><span class='ocrx_word' id='word_1_103' title='bbox 359 1577 462 1637; x_wconf 84' lang='lat' dir='ltr'><em>ander</em></span> <span class='ocrx_word' id='word_1_104' title='bbox 477 1598 583 1660; x_wconf 88' lang='lat' dir='ltr'><em>nugas</em></span> <span class='ocrx_word' id='word_1_105' title='bbox 595 1577 723 1652; x_wconf 90' lang='lat' dir='ltr'><em>irridet,</em></span> <span class='ocrx_word' id='word_1_106' title='bbox 736 1578 824 1660; x_wconf 87' lang='lat' dir='ltr'><em>quod</em></span> <span class='ocrx_word' id='word_1_107' title='bbox 837 1598 947 1639; x_wconf 90' lang='lat' dir='ltr'><em>nomen</em></span> <span class='ocrx_word' id='word_1_108' title='bbox 963 1577 996 1640; x_wconf 91' lang='lat' dir='ltr'><em>in</em></span> <span class='ocrx_word' id='word_1_109' title='bbox 1012 1577 1109 1639; x_wconf 90' lang='lat' dir='ltr'><em>editis</em></span> <span class='ocrx_word' id='word_1_110' title='bbox 1123 1586 1155 1639; x_wconf 90' lang='lat' dir='ltr'><em>et</em></span> <span class='ocrx_word' id='word_1_111' title='bbox 1170 1577 1298 1640; x_wconf 90' lang='lat' dir='ltr'><em>excusis</em></span> <span class='ocrx_word' id='word_1_112' title='bbox 1308 1599 1412 1660; x_wconf 87' lang='lat' dir='ltr'><em>nuper</em></span> 
     </span>
     <span class='ocr_line' id='line_1_15' title="bbox 360 1660 1410 1744; baseline 0 -22"><span class='ocrx_word' id='word_1_113' title='bbox 360 1660 480 1722; x_wconf 88' lang='lat' dir='ltr'><em>libellis</em></span> <span class='ocrx_word' id='word_1_114' title='bbox 486 1683 550 1744; x_wconf 83' lang='lat' dir='ltr'><em>per</em></span> <span class='ocrx_word' id='word_1_115' title='bbox 554 1661 714 1743; x_wconf 74' lang='lat' dir='ltr'><em>fraudem</em></span> <span class='ocrx_word' id='word_1_116' title='bbox 725 1670 774 1724; x_wconf 88' lang='lat' dir='ltr'><em>est</em></span> <span class='ocrx_word' id='word_1_117' title='bbox 783 1661 1050 1744; x_wconf 75' lang='lat' dir='ltr'><em>pretermissum.</em></span> <span class='ocrx_word' id='word_1_118' title='bbox 1085 1662 1189 1725; x_wconf 90' lang='lat' dir='ltr'><em>Unam</em></span> <span class='ocrx_word' id='word_1_119' title='bbox 1204 1683 1279 1725; x_wconf 89' lang='lat' dir='ltr'><em>nero</em></span> <span class='ocrx_word' id='word_1_120' title='bbox 1296 1663 1348 1725; x_wconf 88' lang='lat' dir='ltr'><em>uel</em></span> <span class='ocrx_word' id='word_1_121' title='bbox 1361 1661 1410 1724; x_wconf 89' lang='lat' dir='ltr'><em>al·</em></span> 
     </span>
     <span class='ocr_line' id='line_1_16' title="bbox 360 1745 1047 1816; baseline 0.003 -10"><span class='ocrx_word' id='word_1_122' title='bbox 360 1755 463 1808; x_wconf 90' lang='lat' dir='ltr'><em>teram</em></span> <span class='ocrx_word' id='word_1_123' title='bbox 479 1746 583 1816; x_wconf 83' lang='lat' dir='ltr'><em>ipsius</em></span> <span class='ocrx_word' id='word_1_124' title='bbox 602 1745 696 1808; x_wconf 88' lang='lat' dir='ltr'><em>Galli</em></span> <span class='ocrx_word' id='word_1_125' title='bbox 711 1766 778 1808; x_wconf 90' lang='lat' dir='ltr'><em>esse</em></span> <span class='ocrx_word' id='word_1_126' title='bbox 793 1767 855 1808; x_wconf 88' lang='lat' dir='ltr'><em>nou</em></span> <span class='ocrx_word' id='word_1_127' title='bbox 871 1746 1047 1808; x_wconf 81' lang='lat' dir='ltr'><em>abnuerim.</em></span> 
     </span>
    </p>

    <p class='ocr_par' dir='ltr' id='par_1_3' title="bbox 359 1827 1410 1999">
     <span class='ocr_line' id='line_1_17' title="bbox 405 1827 1410 1904; baseline 0.002 -15"><span class='ocrx_word' id='word_1_128' title='bbox 405 1828 449 1889; x_wconf 87' lang='lat' dir='ltr'><em>X.</em></span> <span class='ocrx_word' id='word_1_129' title='bbox 476 1828 662 1891; x_wconf 86' lang='lat' dir='ltr'><strong>SEBAST.</strong></span> <span class='ocrx_word' id='word_1_130' title='bbox 687 1828 866 1894; x_wconf 87' lang='lat' dir='ltr'>FOXIUS</span> <span class='ocrx_word' id='word_1_131' title='bbox 892 1828 931 1892; x_wconf 91' lang='lat' dir='ltr'><em>de</em></span> <span class='ocrx_word' id='word_1_132' title='bbox 959 1827 1149 1904; x_wconf 81' lang='lat' dir='ltr'><em>Imitatione,</em></span> <span class='ocrx_word' id='word_1_133' title='bbox 1173 1851 1229 1892; x_wconf 88' lang='lat' dir='ltr'><em>seu</em></span> <span class='ocrx_word' id='word_1_134' title='bbox 1255 1827 1410 1892; x_wconf 82' lang='lat' dir='ltr'><em>formandi</em></span> 
     </span>
     <span class='ocr_line' id='line_1_18' title="bbox 359 1911 1224 1999; baseline 0.002 -25"><span class='ocrx_word' id='word_1_135' title='bbox 359 1911 421 1976; x_wconf 84' lang='lat' dir='ltr'><em>stili</em></span> <span class='ocrx_word' id='word_1_136' title='bbox 437 1913 566 1987; x_wconf 87' lang='lat' dir='ltr'><em>ratione,</em></span> <span class='ocrx_word' id='word_1_137' title='bbox 583 1913 637 1976; x_wconf 92' lang='lat' dir='ltr'><em>lib.</em></span> <span class='ocrx_word' id='word_1_138' title='bbox 653 1913 684 1976; x_wconf 91' lang='lat' dir='ltr'><em>ii.</em></span> <span class='ocrx_word' id='word_1_139' title='bbox 700 1937 730 1998; x_wconf 93' lang='lat' dir='ltr'><em>p.</em></span> <span class='ocrx_word' id='word_1_140' title='bbox 745 1919 797 1976; x_wconf 76' lang='lat'><em>42.</em></span> <span class='ocrx_word' id='word_1_141' title='bbox 813 1914 845 1977; x_wconf 91' lang='lat' dir='ltr'><em>b.</em></span> <span class='ocrx_word' id='word_1_142' title='bbox 861 1913 935 1976; x_wconf 83' lang='lat' dir='ltr'><em>edit.</em></span> <span class='ocrx_word' id='word_1_143' title='bbox 953 1914 1104 1999; x_wconf 82' lang='lat' dir='ltr'><em>Antverp.</em></span> <span class='ocrx_word' id='word_1_144' title='bbox 1124 1919 1224 1978; x_wconf 82' lang='lat'>1554:</span> 
     </span>
    </p>

    <p class='ocr_par' dir='ltr' id='par_1_4' title="bbox 359 1997 1411 2317">
     <span class='ocr_line' id='line_1_19' title="bbox 406 1997 1411 2082; baseline 0 -21"><span class='ocrx_word' id='word_1_145' title='bbox 406 1999 531 2069; x_wconf 85' lang='lat' dir='ltr'><em>Quibus</em></span> <span class='ocrx_word' id='word_1_146' title='bbox 549 1998 688 2081; x_wconf 87' lang='lat' dir='ltr'><em>(Ovidio,</em></span> <span class='ocrx_word' id='word_1_147' title='bbox 703 1997 833 2061; x_wconf 85' lang='lat' dir='ltr'><em>Tibullo</em></span> <span class='ocrx_word' id='word_1_148' title='bbox 848 2009 881 2061; x_wconf 87' lang='lat' dir='ltr'><em>et</em></span> <span class='ocrx_word' id='word_1_149' title='bbox 898 1998 1075 2082; x_wconf 83' lang='lat' dir='ltr'><em>Propertio)</em></span> <span class='ocrx_word' id='word_1_150' title='bbox 1090 2023 1151 2064; x_wconf 89' lang='lat' dir='ltr'><em>uon</em></span> <span class='ocrx_word' id='word_1_151' title='bbox 1164 2010 1212 2063; x_wconf 90' lang='lat' dir='ltr'><em>est</em></span> <span class='ocrx_word' id='word_1_152' title='bbox 1224 1999 1362 2082; x_wconf 65' lang='lat' dir='ltr'><em>irfferior</em></span> <span class='ocrx_word' id='word_1_153' title='bbox 1377 2000 1411 2062; x_wconf 87' lang='lat' dir='ltr'><em>iu</em></span> 
     </span>
     <span class='ocr_line' id='line_1_20' title="bbox 359 2085 1411 2170; baseline 0 -22"><span class='ocrx_word' id='word_1_154' title='bbox 359 2107 398 2148; x_wconf 91' lang='lat' dir='ltr'><em>eo</em></span> <span class='ocrx_word' id='word_1_155' title='bbox 410 2107 533 2170; x_wconf 83' lang='lat' dir='ltr'><em>genere</em></span> <span class='ocrx_word' id='word_1_156' title='bbox 552 2085 648 2149; x_wconf 85' lang='lat' dir='ltr'><em>Corn.</em></span> <span class='ocrx_word' id='word_1_157' title='bbox 669 2086 800 2161; x_wconf 84' lang='lat' dir='ltr'><em>Gallus,</em></span> <span class='ocrx_word' id='word_1_158' title='bbox 813 2087 873 2148; x_wconf 90' lang='lat' dir='ltr'><em>sed</em></span> <span class='ocrx_word' id='word_1_159' title='bbox 886 2086 1007 2161; x_wconf 90' lang='lat' dir='ltr'><em>durior,</em></span> <span class='ocrx_word' id='word_1_160' title='bbox 1025 2095 1055 2148; x_wconf 92' lang='lat' dir='ltr'><em>et</em></span> <span class='ocrx_word' id='word_1_161' title='bbox 1070 2085 1247 2159; x_wconf 76' lang='lat' dir='ltr'><em>horridior,</em></span> <span class='ocrx_word' id='word_1_162' title='bbox 1261 2093 1295 2146; x_wconf 89' lang='lat' dir='ltr'><em>ut</em></span> <span class='ocrx_word' id='word_1_163' title='bbox 1309 2085 1411 2148; x_wconf 91' lang='lat' dir='ltr'><em>senile</em></span> 
     </span>
     <span class='ocr_line' id='line_1_21' title="bbox 360 2169 1411 2255; baseline 0 -24"><span class='ocrx_word' id='word_1_164' title='bbox 360 2169 490 2252; x_wconf 87' lang='lat' dir='ltr'><em>aliquid</em></span> <span class='ocrx_word' id='word_1_165' title='bbox 503 2171 536 2232; x_wconf 90' lang='lat' dir='ltr'><em>in</em></span> <span class='ocrx_word' id='word_1_166' title='bbox 557 2171 640 2254; x_wconf 82' lang='lat' dir='ltr'><em>ipso,</em></span> <span class='ocrx_word' id='word_1_167' title='bbox 658 2173 745 2255; x_wconf 89' lang='lat' dir='ltr'><em>quod</em></span> <span class='ocrx_word' id='word_1_168' title='bbox 765 2171 849 2234; x_wconf 88' lang='lat' dir='ltr'><em>idem</em></span> <span class='ocrx_word' id='word_1_169' title='bbox 872 2192 998 2254; x_wconf 84' lang='lat' dir='ltr'><em>quoque</em></span> <span class='ocrx_word' id='word_1_170' title='bbox 1021 2172 1182 2254; x_wconf 87' lang='lat' dir='ltr'><em>deplorat,</em></span> <span class='ocrx_word' id='word_1_171' title='bbox 1201 2179 1232 2232; x_wconf 88' lang='lat' dir='ltr'><em>et</em></span> <span class='ocrx_word' id='word_1_172' title='bbox 1253 2191 1411 2232; x_wconf 90' lang='lat' dir='ltr'><em>morosum</em></span> 
     </span>
     <span class='ocr_line' id='line_1_22' title="bbox 360 2255 655 2317; baseline 0 -1"><span class='ocrx_word' id='word_1_173' title='bbox 360 2255 503 2316; x_wconf 85' lang='lat' dir='ltr'><em>adbuca</em></span> <span class='ocrx_word' id='word_1_174' title='bbox 530 2277 655 2317; x_wconf 87' lang='lat' dir='ltr'><em>noscas.</em></span> 
     </span>
    </p>

    <p class='ocr_par' dir='ltr' id='par_1_5' title="bbox 362 2277 1410 2507">
     <span class='ocr_line' id='line_1_23' title="bbox 409 2277 1410 2422; baseline 0.001 -24"><span class='ocrx_word' id='word_1_175' title='bbox 409 2336 471 2398; x_wconf 89' lang='lat' dir='ltr'><em>XI.</em></span> <span class='ocrx_word' id='word_1_176' title='bbox 500 2277 596 2398; x_wconf 72' lang='lat' dir='ltr'><em>iUL.</em></span> <span class='ocrx_word' id='word_1_177' title='bbox 623 2336 734 2400; x_wconf 87' lang='lat' dir='ltr'><strong>CAES.</strong></span> <span class='ocrx_word' id='word_1_178' title='bbox 762 2336 997 2400; x_wconf 86' lang='lat' dir='ltr'><strong>SCALIGER</strong></span> <span class='ocrx_word' id='word_1_179' title='bbox 1023 2335 1077 2400; x_wconf 92' lang='lat' dir='ltr'><em>lib.</em></span> <span class='ocrx_word' id='word_1_180' title='bbox 1104 2336 1143 2400; x_wconf 85' lang='lat' dir='ltr'><em>vi.</em></span> <span class='ocrx_word' id='word_1_181' title='bbox 1174 2336 1263 2400; x_wconf 84' lang='lat' dir='ltr'><em>Poet.</em></span> <span class='ocrx_word' id='word_1_182' title='bbox 1292 2336 1348 2422; x_wconf 92' lang='lat' dir='ltr'><em>qui</em></span> <span class='ocrx_word' id='word_1_183' title='bbox 1378 2346 1410 2399; x_wconf 88' lang='lat' dir='ltr'><em>et</em></span> 
     </span>
     <span class='ocr_line' id='line_1_24' title="bbox 362 2419 834 2507; baseline -0.002 -23"><span class='ocrx_word' id='word_1_184' title='bbox 362 2419 541 2506; x_wconf 80' lang='lat' dir='ltr'><em>Hypercrit.</em></span> <span class='ocrx_word' id='word_1_185' title='bbox 557 2443 624 2506; x_wconf 85' lang='lat' dir='ltr'><em>cap.</em></span> <span class='ocrx_word' id='word_1_186' title='bbox 639 2421 691 2484; x_wconf 85' lang='lat' dir='ltr'><em>vii.</em></span> <span class='ocrx_word' id='word_1_187' title='bbox 706 2444 737 2507; x_wconf 91' lang='lat' dir='ltr'><em>p.</em></span> <span class='ocrx_word' id='word_1_188' title='bbox 753 2427 834 2485; x_wconf 79' lang='lat'>852:</span> 
     </span>
    </p>

    <p class='ocr_par' dir='ltr' id='par_1_6' title="bbox 349 2507 1412 3350">
     <span class='ocr_line' id='line_1_25' title="bbox 406 2507 1412 2591; baseline 0.002 -21"><span class='ocrx_word' id='word_1_189' title='bbox 406 2508 575 2571; x_wconf 87' lang='lat' dir='ltr'><em>Cornelius</em></span> <span class='ocrx_word' id='word_1_190' title='bbox 594 2509 713 2571; x_wconf 88' lang='lat' dir='ltr'><em>Gallus</em></span> <span class='ocrx_word' id='word_1_191' title='bbox 728 2509 851 2583; x_wconf 88' lang='lat' dir='ltr'><em>durior,</em></span> <span class='ocrx_word' id='word_1_192' title='bbox 868 2508 1097 2572; x_wconf 82' lang='lat' dir='ltr'><em>sententiarum</em></span> <span class='ocrx_word' id='word_1_193' title='bbox 1116 2517 1219 2572; x_wconf 90' lang='lat' dir='ltr'><em>tamen</em></span> <span class='ocrx_word' id='word_1_194' title='bbox 1240 2507 1350 2591; x_wconf 85' lang='lat' dir='ltr'><em>lepore</em></span> <span class='ocrx_word' id='word_1_195' title='bbox 1371 2531 1412 2572; x_wconf 90' lang='lat' dir='ltr'><em>ac</em></span> 
     </span>
     <span class='ocr_line' id='line_1_26' title="bbox 349 2592 1411 2678; baseline 0 -22"><span class='ocrx_word' id='word_1_196' title='bbox 349 2593 541 2676; x_wconf 80' lang='lat' dir='ltr'><em>festivitate</em></span> <span class='ocrx_word' id='word_1_197' title='bbox 556 2595 698 2658; x_wconf 85' lang='lat' dir='ltr'><em>condivit</em></span> <span class='ocrx_word' id='word_1_198' title='bbox 713 2594 923 2678; x_wconf 76' lang='lat' dir='ltr'><em>asperitatem</em></span> <span class='ocrx_word' id='word_1_199' title='bbox 939 2614 1148 2656; x_wconf 83' lang='lat' dir='ltr'><em>numerorum.</em></span> <span class='ocrx_word' id='word_1_200' title='bbox 1197 2592 1295 2664; x_wconf 82' lang='lat' dir='ltr'><em>Quod</em></span> <span class='ocrx_word' id='word_1_201' title='bbox 1310 2594 1411 2676; x_wconf 79' lang='lat' dir='ltr'><em>Lyri-</em></span> 
     </span>
     <span class='ocr_line' id='line_1_27' title="bbox 360 2677 1408 2762; baseline -0.001 -21"><span class='ocrx_word' id='word_1_202' title='bbox 360 2701 431 2742; x_wconf 88' lang='lat' dir='ltr'><em>cum</em></span> <span class='ocrx_word' id='word_1_203' title='bbox 449 2677 646 2751; x_wconf 83' lang='lat' dir='ltr'><em>inscribitur,</em></span> <span class='ocrx_word' id='word_1_204' title='bbox 664 2680 752 2742; x_wconf 86' lang='lat' dir='ltr'><em>illius</em></span> <span class='ocrx_word' id='word_1_205' title='bbox 766 2700 846 2741; x_wconf 89' lang='lat' dir='ltr'><em>sanc</em></span> <span class='ocrx_word' id='word_1_206' title='bbox 863 2701 926 2741; x_wconf 78' lang='lat' dir='ltr'><em>nori</em></span> <span class='ocrx_word' id='word_1_207' title='bbox 944 2687 1003 2753; x_wconf 89' lang='lat' dir='ltr'><em>est,</em></span> <span class='ocrx_word' id='word_1_208' title='bbox 1019 2680 1079 2740; x_wconf 87' lang='lat' dir='ltr'><em>sed</em></span> <span class='ocrx_word' id='word_1_209' title='bbox 1095 2679 1197 2762; x_wconf 80' lang='lat' dir='ltr'><em>inepti</em></span> <span class='ocrx_word' id='word_1_210' title='bbox 1217 2679 1408 2762; x_wconf 80' lang='lat' dir='ltr'><em>crrjuspiam.</em></span> 
     </span>
     <span class='ocr_line' id='line_1_28' title="bbox 360 2761 1411 2847; baseline 0.001 -22"><span class='ocrx_word' id='word_1_211' title='bbox 360 2762 418 2825; x_wconf 88' lang='lat' dir='ltr'><em>Ea</em></span> <span class='ocrx_word' id='word_1_212' title='bbox 427 2784 502 2826; x_wconf 86' lang='lat' dir='ltr'><em>aero</em></span> <span class='ocrx_word' id='word_1_213' title='bbox 514 2763 650 2847; x_wconf 87' lang='lat' dir='ltr'><em>Elegia,</em></span> <span class='ocrx_word' id='word_1_214' title='bbox 661 2763 695 2824; x_wconf 91' lang='lat' dir='ltr'><em>in</em></span> <span class='ocrx_word' id='word_1_215' title='bbox 707 2785 772 2846; x_wconf 86' lang='lat' dir='ltr'><em>qua</em></span> <span class='ocrx_word' id='word_1_216' title='bbox 788 2763 916 2826; x_wconf 88' lang='lat' dir='ltr'><em>canitur</em></span> <span class='ocrx_word' id='word_1_217' title='bbox 925 2761 1096 2845; x_wconf 82' lang='lat' dir='ltr'><em>Aquilino,</em></span> <span class='ocrx_word' id='word_1_218' title='bbox 1110 2785 1301 2846; x_wconf 87' lang='lat' dir='ltr'><em>quamquam</em></span> <span class='ocrx_word' id='word_1_219' title='bbox 1313 2763 1411 2826; x_wconf 87' lang='lat' dir='ltr'><em>babet</em></span> 
     </span>
     <span class='ocr_line' id='line_1_29' title="bbox 360 2847 1410 2932; baseline -0.001 -23"><span class='ocrx_word' id='word_1_220' title='bbox 360 2847 538 2914; x_wconf 78' lang='lat' dir='ltr'><em>sententias</em></span> <span class='ocrx_word' id='word_1_221' title='bbox 551 2847 728 2932; x_wconf 83' lang='lat' dir='ltr'><em>elegiacos,</em></span> <span class='ocrx_word' id='word_1_222' title='bbox 742 2856 847 2910; x_wconf 89' lang='lat' dir='ltr'><em>tamen</em></span> <span class='ocrx_word' id='word_1_223' title='bbox 858 2847 995 2910; x_wconf 85' lang='lat' dir='ltr'><em>bominis</em></span> <span class='ocrx_word' id='word_1_224' title='bbox 1009 2855 1058 2910; x_wconf 91' lang='lat' dir='ltr'><em>est</em></span> <span class='ocrx_word' id='word_1_225' title='bbox 1074 2847 1201 2910; x_wconf 78' lang='lat' dir='ltr'><em>Graece</em></span> <span class='ocrx_word' id='word_1_226' title='bbox 1216 2848 1410 2910; x_wconf 80' lang='lat' dir='ltr'><em>litterature</em></span> 
     </span>
     <span class='ocr_line' id='line_1_30' title="bbox 361 2931 1410 3018; baseline 0.002 -24"><span class='ocrx_word' id='word_1_227' title='bbox 361 2931 484 3016; x_wconf 87' lang='lat' dir='ltr'><em>ignari,</em></span> <span class='ocrx_word' id='word_1_228' title='bbox 510 2941 542 2996; x_wconf 92' lang='lat' dir='ltr'><em>et</em></span> <span class='ocrx_word' id='word_1_229' title='bbox 564 2955 656 3018; x_wconf 85' lang='lat' dir='ltr'><em>quem</em></span> <span class='ocrx_word' id='word_1_230' title='bbox 679 2932 765 2996; x_wconf 87' lang='lat' dir='ltr'><em>ratio</em></span> <span class='ocrx_word' id='word_1_231' title='bbox 781 2931 921 3017; x_wconf 88' lang='lat' dir='ltr'><em>sugeret</em></span> <span class='ocrx_word' id='word_1_232' title='bbox 942 2931 1154 3015; x_wconf 78' lang='lat' dir='ltr'><em>syllabarum.</em></span> <span class='ocrx_word' id='word_1_233' title='bbox 1197 2933 1240 2996; x_wconf 89' lang='lat' dir='ltr'><em>In</em></span> <span class='ocrx_word' id='word_1_234' title='bbox 1264 2933 1410 3016; x_wconf 86' lang='lat' dir='ltr'><em>sequenti</em></span> 
     </span>
     <span class='ocr_line' id='line_1_31' title="bbox 360 3014 1411 3102; baseline 0 -24"><span class='ocrx_word' id='word_1_235' title='bbox 360 3025 455 3102; x_wconf 82' lang='lat' dir='ltr'><em>etque</em></span> <span class='ocrx_word' id='word_1_236' title='bbox 478 3017 536 3080; x_wconf 90' lang='lat' dir='ltr'><em>sub</em></span> <span class='ocrx_word' id='word_1_237' title='bbox 555 3017 704 3080; x_wconf 83' lang='lat' dir='ltr'><em>exhausto</em></span> <span class='ocrx_word' id='word_1_238' title='bbox 723 3028 848 3101; x_wconf 82' lang='lat' dir='ltr'><em>pectore</em></span> <span class='ocrx_word' id='word_1_239' title='bbox 869 3015 987 3100; x_wconf 84' lang='lat' dir='ltr'><em>pingue</em></span> <span class='ocrx_word' id='word_1_240' title='bbox 1007 3014 1119 3093; x_wconf 83' lang='lat' dir='ltr'><em>femur,</em></span> <span class='ocrx_word' id='word_1_241' title='bbox 1137 3017 1216 3082; x_wconf 91' lang='lat' dir='ltr'><em>Non</em></span> <span class='ocrx_word' id='word_1_242' title='bbox 1235 3026 1283 3081; x_wconf 90' lang='lat' dir='ltr'><em>est</em></span> <span class='ocrx_word' id='word_1_243' title='bbox 1296 3018 1411 3100; x_wconf 87' lang='lat' dir='ltr'><em>femur</em></span> 
     </span>
     <span class='ocr_line' id='line_1_32' title="bbox 360 3103 1409 3187; baseline 0.002 -25"><span class='ocrx_word' id='word_1_244' title='bbox 360 3103 418 3162; x_wconf 91' lang='lat' dir='ltr'><em>sub</em></span> <span class='ocrx_word' id='word_1_245' title='bbox 434 3111 572 3186; x_wconf 83' lang='lat' dir='ltr'><em>pectore</em></span> <span class='ocrx_word' id='word_1_246' title='bbox 580 3130 593 3175; x_wconf 87' lang='lat'><em>,·</em></span> <span class='ocrx_word' id='word_1_247' title='bbox 622 3125 724 3187; x_wconf 87' lang='lat' dir='ltr'><em>neque</em></span> <span class='ocrx_word' id='word_1_248' title='bbox 742 3112 858 3186; x_wconf 84' lang='lat' dir='ltr'><em>pectus</em></span> <span class='ocrx_word' id='word_1_249' title='bbox 880 3106 1071 3166; x_wconf 78' lang='lat' dir='ltr'><em>exhaustum</em></span> <span class='ocrx_word' id='word_1_250' title='bbox 1084 3103 1292 3186; x_wconf 82' lang='lat' dir='ltr'><em>probaveris,</em></span> <span class='ocrx_word' id='word_1_251' title='bbox 1313 3103 1409 3185; x_wconf 86' lang='lat' dir='ltr'><em>quasi</em></span> 
     </span>
     <span class='ocr_line' id='line_1_33' title="bbox 355 3185 1408 3268; baseline 0.001 -22"><span class='ocrx_word' id='word_1_252' title='bbox 355 3186 479 3267; x_wconf 87' lang='lat' dir='ltr'><em>pbtboe</em></span> <span class='ocrx_word' id='word_1_253' title='bbox 494 3186 629 3261; x_wconf 86' lang='lat' dir='ltr'><em>laboret,</em></span> <span class='ocrx_word' id='word_1_254' title='bbox 646 3187 760 3249; x_wconf 88' lang='lat' dir='ltr'><em>melius</em></span> <span class='ocrx_word' id='word_1_255' title='bbox 779 3187 939 3249; x_wconf 83' lang='lat' dir='ltr'><em>Ouidius:</em></span> <span class='ocrx_word' id='word_1_256' title='bbox 974 3185 1017 3247; x_wconf 88' lang='lat' dir='ltr'><em>Et</em></span> <span class='ocrx_word' id='word_1_257' title='bbox 1035 3186 1184 3268; x_wconf 80' lang='lat' dir='ltr'><em>castigato</em></span> <span class='ocrx_word' id='word_1_258' title='bbox 1202 3185 1329 3249; x_wconf 77' lang='lat' dir='ltr'><em>suberat</em></span> <span class='ocrx_word' id='word_1_259' title='bbox 1350 3186 1408 3248; x_wconf 91' lang='lat' dir='ltr'><em>sub</em></span> 
     </span>
     <span class='ocr_line' id='line_1_34' title="bbox 358 3276 618 3350; baseline 0 -20"><span class='ocrx_word' id='word_1_260' title='bbox 358 3276 485 3350; x_wconf 87' lang='lat' dir='ltr'><em>pectore</em></span> <span class='ocrx_word' id='word_1_261' title='bbox 500 3277 618 3330; x_wconf 87' lang='lat' dir='ltr'><em>venter.</em></span> 
     </span>
    </p>
   </div>
   <div class='ocr_carea' id='block_1_3' title="bbox 359 3490 1410 3633">
    <p class='ocr_par' dir='ltr' id='par_1_7' title="bbox 359 3490 1410 3633">
     <span class='ocr_line' id='line_1_35' title="bbox 395 3490 1410 3616; baseline 0 -70"><span class='ocrx_word' id='word_1_262' title='bbox 395 3493 403 3527; x_wconf 85' lang='lat'>¹</span> <span class='ocrx_word' id='word_1_263' title='bbox 419 3490 569 3575; x_wconf 61' lang='lat' dir='ltr'><em>Gpraldum</em></span> <span class='ocrx_word' id='word_1_264' title='bbox 576 3491 713 3548; x_wconf 83' lang='lat' dir='ltr'><em>hisverbis</em></span> <span class='ocrx_word' id='word_1_265' title='bbox 720 3491 867 3616; x_wconf 53' lang='lat' dir='ltr'><em>respexisse</em></span> <span class='ocrx_word' id='word_1_266' title='bbox 904 3491 1040 3546; x_wconf 82' lang='lat' dir='ltr'><em>Crinitum</em></span> <span class='ocrx_word' id='word_1_267' title='bbox 1058 3509 1145 3562; x_wconf 87' lang='lat' dir='ltr'><em>neque</em></span> <span class='ocrx_word' id='word_1_268' title='bbox 1164 3491 1332 3575; x_wconf 75' lang='lat' dir='ltr'><em>nomipatunr</em></span> <span class='ocrx_word' id='word_1_269' title='bbox 1351 3509 1410 3546; x_wconf 87' lang='lat' dir='ltr'><em>esse</em></span> 
     </span>
     <span class='ocr_line' id='line_1_36' title="bbox 359 3561 1407 3633; baseline 0 -19"><span class='ocrx_word' id='word_1_270' title='bbox 359 3562 394 3614; x_wconf 83' lang='lat' dir='ltr'><em>ad</em></span> <span class='ocrx_word' id='word_1_271' title='bbox 416 3561 560 3628; x_wconf 63' lang='lat' dir='ltr'><em>Cunnum,</em></span> <span class='ocrx_word' id='word_1_272' title='bbox 582 3565 693 3633; x_wconf 87' lang='lat' dir='ltr'><em>ejusque</em></span> <span class='ocrx_word' id='word_1_273' title='bbox 713 3564 745 3616; x_wconf 91' lang='lat' dir='ltr'><em>de</em></span> <span class='ocrx_word' id='word_1_274' title='bbox 789 3563 867 3632; x_wconf 81' lang='lat' dir='ltr'><em>legiis</em></span> <span class='ocrx_word' id='word_1_275' title='bbox 903 3562 1061 3632; x_wconf 82' lang='lat' dir='ltr'><em>eGyraldo,</em></span> <span class='ocrx_word' id='word_1_276' title='bbox 1075 3579 1162 3632; x_wconf 86' lang='lat' dir='ltr'><em>neque</em></span> <span class='ocrx_word' id='word_1_277' title='bbox 1178 3579 1311 3615; x_wconf 79' lang='lat' dir='ltr'><em>nomlnun</em></span> <span class='ocrx_word' id='word_1_278' title='bbox 1327 3569 1407 3632; x_wconf 88' lang='lat' dir='ltr'><em>potu·</em></span> 
     </span>
    </p>
   </div>
   <div class='ocr_carea' id='block_1_4' title="bbox 361 3631 1493 3704">
    <p class='ocr_par' dir='ltr' id='par_1_8' title="bbox 361 3631 1493 3704">
     <span class='ocr_line' id='line_1_37' title="bbox 361 3631 1493 3704; baseline -0.001 -18"><span class='ocrx_word' id='word_1_279' title='bbox 361 3631 522 3686; x_wconf 83' lang='lat' dir='ltr'><em>Maximiani</em></span> <span class='ocrx_word' id='word_1_280' title='bbox 530 3634 672 3700; x_wconf 88' lang='lat' dir='ltr'><em>judicium,</em></span> <span class='ocrx_word' id='word_1_281' title='bbox 687 3650 827 3704; x_wconf 80' lang='lat' dir='ltr'><em>perperam</em></span> <span class='ocrx_word' id='word_1_282' title='bbox 839 3640 867 3686; x_wconf 88' lang='lat' dir='ltr'><em>et</em></span> <span class='ocrx_word' id='word_1_283' title='bbox 902 3632 954 3686; x_wconf 87' lang='lat' dir='ltr'><em>isse</em></span> <span class='ocrx_word' id='word_1_284' title='bbox 965 3632 1037 3684; x_wconf 86' lang='lat' dir='ltr'><em>inter</em></span> <span class='ocrx_word' id='word_1_285' title='bbox 1046 3649 1099 3697; x_wconf 88' lang='lat' dir='ltr'><em>eos,</em></span> <span class='ocrx_word' id='word_1_286' title='bbox 1129 3632 1157 3684; x_wconf 93' lang='lat' dir='ltr'><em>ui</em></span> <span class='ocrx_word' id='word_1_287' title='bbox 1168 3632 1331 3684; x_wconf 86' lang='lat' dir='ltr'><em>Maximiani</em></span> <span class='ocrx_word' id='word_1_288' title='bbox 1343 3632 1407 3685; x_wconf 84' lang='lat' dir='ltr'><em>Ele·</em></span> <span class='ocrx_word' id='word_1_289' title='bbox 1482 3693 1493 3700; x_wconf 82' lang='lat'><em>,</em></span> 
     </span>
    </p>
   </div>
   <div class='ocr_carea' id='block_1_5' title="bbox 358 3701 1409 4052">
    <p class='ocr_par' dir='ltr' id='par_1_9' title="bbox 358 3701 1409 4052">
     <span class='ocr_line' id='line_1_38' title="bbox 359 3701 1409 3772; baseline 0.001 -19"><span class='ocrx_word' id='word_1_290' title='bbox 359 3718 482 3770; x_wconf 86' lang='lat' dir='ltr'><em>perverse</em></span> <span class='ocrx_word' id='word_1_291' title='bbox 497 3703 601 3769; x_wconf 81' lang='lat' dir='ltr'><em>judicat</em></span> <span class='ocrx_word' id='word_1_292' title='bbox 618 3702 761 3766; x_wconf 82' lang='lat' dir='ltr'><em>Bsilletus,</em></span> <span class='ocrx_word' id='word_1_293' title='bbox 778 3703 864 3769; x_wconf 75' lang='lat' dir='ltr'><em>Juqe·</em></span> <span class='ocrx_word' id='word_1_294' title='bbox 902 3701 960 3770; x_wconf 76' lang='lat' dir='ltr'><em>gius</em></span> <span class='ocrx_word' id='word_1_295' title='bbox 974 3701 1054 3755; x_wconf 85' lang='lat' dir='ltr'><em>com.</em></span> <span class='ocrx_word' id='word_1_296' title='bbox 1069 3702 1095 3756; x_wconf 85' lang='lat' dir='ltr'><strong>G</strong></span> <span class='ocrx_word' id='word_1_297' title='bbox 1134 3701 1313 3766; x_wconf 86' lang='lat' dir='ltr'><em>otribuerint‚</em></span> <span class='ocrx_word' id='word_1_298' title='bbox 1328 3718 1409 3772; x_wconf 89' lang='lat' dir='ltr'><em>quem</em></span> 
     </span>
     <span class='ocr_line' id='line_1_39' title="bbox 359 3770 1409 3840; baseline 0.002 -18"><span class='ocrx_word' id='word_1_299' title='bbox 359 3780 432 3824; x_wconf 84' lang='lat' dir='ltr'><em>ment</em></span> <span class='ocrx_word' id='word_1_300' title='bbox 441 3773 487 3824; x_wconf 89' lang='lat' dir='ltr'><em>des</em></span> <span class='ocrx_word' id='word_1_301' title='bbox 498 3773 616 3838; x_wconf 82' lang='lat' dir='ltr'><em>Sonans,</em></span> <span class='ocrx_word' id='word_1_302' title='bbox 627 3779 688 3825; x_wconf 90' lang='lat' dir='ltr'><em>tom.</em></span> <span class='ocrx_word' id='word_1_303' title='bbox 698 3775 739 3826; x_wconf 84' lang='lat' dir='ltr'><em>iii.</em></span> <span class='ocrx_word' id='word_1_304' title='bbox 750 3774 783 3824; x_wconf 85' lang='lat' dir='ltr'><em>de</em></span> <span class='ocrx_word' id='word_1_305' title='bbox 787 3780 862 3839; x_wconf 89' lang='lat' dir='ltr'><em>poet.</em></span> <span class='ocrx_word' id='word_1_306' title='bbox 901 3770 1009 3823; x_wconf 83' lang='lat' dir='ltr'><em>sciverit</em></span> <span class='ocrx_word' id='word_1_307' title='bbox 1030 3771 1105 3840; x_wconf 81' lang='lat' dir='ltr'><em>paria</em></span> <span class='ocrx_word' id='word_1_308' title='bbox 1125 3788 1216 3824; x_wconf 89' lang='lat' dir='ltr'><em>secum</em></span> <span class='ocrx_word' id='word_1_309' title='bbox 1238 3771 1359 3836; x_wconf 82' lang='lat' dir='ltr'><em>sensisse,</em></span> <span class='ocrx_word' id='word_1_310' title='bbox 1381 3778 1409 3824; x_wconf 90' lang='lat' dir='ltr'><em>et</em></span> 
     </span>
     <span class='ocr_line' id='line_1_40' title="bbox 359 3840 1408 3910; baseline 0.001 -19"><span class='ocrx_word' id='word_1_311' title='bbox 359 3842 425 3893; x_wconf 87' lang='lat' dir='ltr'><em>Lat.</em></span> <span class='ocrx_word' id='word_1_312' title='bbox 443 3859 513 3894; x_wconf 90' lang='lat' dir='ltr'><em>uum.</em></span> <span class='ocrx_word' id='word_1_313' title='bbox 538 3847 611 3895; x_wconf 79' lang='lat'><strong>1147.</strong></span> <span class='ocrx_word' id='word_1_314' title='bbox 652 3841 706 3896; x_wconf 84' lang='lat' dir='ltr'><em>Cui</em></span> <span class='ocrx_word' id='word_1_315' title='bbox 723 3841 865 3910; x_wconf 88' lang='lat' dir='ltr'><em>respondet</em></span> <span class='ocrx_word' id='word_1_316' title='bbox 901 3840 979 3909; x_wconf 82' lang='lat' dir='ltr'><em>plane</em></span> <span class='ocrx_word' id='word_1_317' title='bbox 1007 3841 1137 3908; x_wconf 89' lang='lat' dir='ltr'><em>rejecisse,</em></span> <span class='ocrx_word' id='word_1_318' title='bbox 1167 3857 1227 3909; x_wconf 84' lang='lat' dir='ltr'><em>quae</em></span> <span class='ocrx_word' id='word_1_319' title='bbox 1255 3858 1305 3892; x_wconf 88' lang='lat' dir='ltr'><em>sua</em></span> <span class='ocrx_word' id='word_1_320' title='bbox 1328 3847 1408 3893; x_wconf 81' lang='lat' dir='ltr'><em>aetste</em></span> 
     </span>
     <span class='ocr_line' id='line_1_41' title="bbox 361 3908 1406 3980; baseline 0.002 -20"><span class='ocrx_word' id='word_1_321' title='bbox 361 3908 474 3963; x_wconf 78' lang='lat' dir='ltr'><em>Moneta</em></span> <span class='ocrx_word' id='word_1_322' title='bbox 494 3919 583 3964; x_wconf 80' lang='lat' dir='ltr'><em>annot.</em></span> <span class='ocrx_word' id='word_1_323' title='bbox 607 3912 641 3964; x_wconf 83' lang='lat' dir='ltr'><em>ad</em></span> <span class='ocrx_word' id='word_1_324' title='bbox 660 3910 816 3975; x_wconf 86' lang='lat' dir='ltr'><em>Bailletum,</em></span> <span class='ocrx_word' id='word_1_325' title='bbox 838 3917 865 3964; x_wconf 89' lang='lat' dir='ltr'><em>et</em></span> <span class='ocrx_word' id='word_1_326' title='bbox 901 3911 951 3963; x_wconf 91' lang='lat' dir='ltr'><em>sub</em></span> <span class='ocrx_word' id='word_1_327' title='bbox 968 3909 1075 3964; x_wconf 91' lang='lat' dir='ltr'><em>nomine</em></span> <span class='ocrx_word' id='word_1_328' title='bbox 1089 3909 1168 3964; x_wconf 86' lang='lat' dir='ltr'><em>Corn.</em></span> <span class='ocrx_word' id='word_1_329' title='bbox 1186 3910 1260 3965; x_wconf 80' lang='lat' dir='ltr'><em>Gelli</em></span> <span class='ocrx_word' id='word_1_330' title='bbox 1275 3927 1406 3980; x_wconf 78' lang='lat' dir='ltr'><em>apparue-</em></span> 
     </span>
     <span class='ocr_line' id='line_1_42' title="bbox 358 3978 962 4052; baseline 0.003 -23"><span class='ocrx_word' id='word_1_331' title='bbox 358 3978 387 4029; x_wconf 84' lang='lat' dir='ltr'><em>in</em></span> <span class='ocrx_word' id='word_1_332' title='bbox 413 3978 582 4048; x_wconf 79' lang='lat' dir='ltr'><em>Menagianis</em></span> <span class='ocrx_word' id='word_1_333' title='bbox 600 3999 660 4052; x_wconf 82' lang='lat' dir='ltr'><em>pag.</em></span> <span class='ocrx_word' id='word_1_334' title='bbox 682 3985 742 4036; x_wconf 76' lang='lat'><em>342.</em></span> <span class='ocrx_word' id='word_1_335' title='bbox 763 3981 863 4047; x_wconf 81' lang='lat' dir='ltr'><em>disens,</em></span> <span class='ocrx_word' id='word_1_336' title='bbox 901 3979 962 4033; x_wconf 88' lang='lat' dir='ltr'><em>rint.</em></span> 
     </span>
    </p>
   </div>
   <div class='ocr_carea' id='block_1_6' title="bbox 0 0 1618 4982">
    <p class='ocr_par' dir='ltr' id='par_1_10' title="bbox 0 0 1618 4982">
     <span class='ocr_line' id='line_1_43' title="bbox 0 0 1618 4982; baseline 0 1"><span class='ocrx_word' id='word_1_337' title='bbox 0 0 1618 4982; x_wconf 95' lang='lat' dir='ltr'><em> </em></span> 
     </span>
    </p>
   </div>
  </div>
 </body>
</html>
