3228 4982
536 422 739 490 errmmm
757 425 905 492 Enuarra.

236 573 279 640 Et
293 575 395 640 tacitis
409 576 555 662 precibus
569 576 674 642 dicere
688 578 780 663 plura
794 589 891 664 rogat.

191 675 245 740 Sic
260 687 329 760 ego,
345 676 400 763 qui
416 677 536 742 eunctis
551 688 667 744 sanetae
682 679 842 764 gravitatis
857 680 1006 758 habebar,

235 774 381 842 Proditus
396 778 511 843 indicio
526 802 596 842 sum
611 778 706 844 miser
720 780 786 866 ipse
801 803 884 846 meo.

191 877 235 942 Et
249 885 334 942 nune
349 878 459 942 infelix
473 889 539 943 tota
553 889 601 943 est
615 879 682 944 sine
698 880 828 947 crimine
843 882 917 958 vita,

233 977 276 1043 Et
290 1001 420 1064 peecare
435 1002 544 1044 senem
559 1001 623 1044 non
638 981 774 1066 potuisse
789 983 897 1067 pudet.
999 976 1001 982 ยน

188 1081 373 1145 Deserimur
386 1081 485 1146 vitiis:
510 1080 591 1166 fugit
605 1081 769 1166 indignata
783 1082 942 1169 voluptas:

231 1181 311 1261 Nec,
327 1184 414 1270 quod
428 1207 492 1248 non
506 1205 643 1269 possum,
660 1205 723 1248 non
739 1184 871 1250 voluisse
886 1208 995 1248 meum
1011 1196 1067 1250 est.

188 1285 260 1350 Hoc
275 1285 371 1350 etiem
386 1284 565 1349 meminisse
581 1284 664 1362 lieet,
681 1286 768 1371 quod
781 1286 877 1350 serior
892 1296 967 1352 aetas

229 1388 351 1464 Intulit,
367 1397 399 1451 et
412 1386 558 1471 gemitus
574 1410 652 1474 quos
666 1387 745 1451 mihi
761 1388 834 1454 lena
848 1388 946 1452 dedit.

187 1489 253 1553 Sed
267 1489 337 1576 quis
351 1489 392 1553 ad
407 1488 462 1552 has
476 1489 572 1574 possit
586 1497 708 1554 naturae
723 1489 876 1574 attingere
892 1502 1005 1575 partes,

230 1592 355 1656 Gnarus
370 1601 406 1654 ut
420 1600 453 1655 et
466 1590 589 1676 sapiens
604 1591 698 1655 noxie
712 1614 795 1678 saepe
810 1591 910 1656 velit?

185 1692 350 1757 Interdum
364 1692 503 1778 rapimur
517 1692 609 1769 vitiis,
624 1692 841 1779 trahimurque
856 1693 1013 1757 volentes:

228 1793 271 1857 Et
286 1817 357 1880 quae
372 1817 436 1858 non
451 1795 589 1879 capiunt,
606 1803 733 1879 pectora
748 1793 842 1860 bruta
856 1793 975 1858 volunt

607 1992 742 2051 ELEG.
773 1994 810 2049 V.

184 2131 300 2196 Missus
315 2134 357 2198 ad
373 2135 454 2199 ans
469 2134 564 2218 legati
578 2156 711 2199 munere
725 2143 838 2219 partes,

225 2234 257 2296 T
257 2236 447 2322 ranquillum
463 2237 583 2300 eunetis
597 2245 724 2300 nectere
738 2235 824 2321 pacis
838 2257 926 2321 opuS,

180 2333 269 2398 Dum
284 2336 394 2400 studeo
408 2337 526 2421 gemini
542 2359 728 2424 componere
743 2335 863 2402 foedera
878 2337 976 2422 regni,

224 2435 336 2500 Inveni
351 2438 451 2502 cordis
465 2437 551 2502 bella
565 2437 702 2503 nefanda
715 2438 790 2502 mei.

181 2537 311 2603 Hieme
327 2540 496 2626 suscipiens
512 2540 654 2604 Etmscae
669 2538 770 2624 gentis
785 2538 960 2614 alumnum,

224 2638 360 2704 Involvit
373 2640 481 2727 patriis
498 2640 596 2704 Graia
610 2639 716 2725 puella
730 2638 818 2704 dolis.

179 2739 263 2804 Nam
279 2764 351 2805 eum
367 2765 399 2806 se
415 2752 520 2806 nostro
535 2751 659 2828 captam
674 2739 836 2806 simularet
849 2761 966 2816 amore,

223 2841 281 2906 Me
296 2843 398 2928 potius
413 2865 486 2908 vero
501 2843 576 2908 feeit
594 2864 700 2906 amore
715 2840 794 2927 capi.

179 2942 315 3027 Pervigil
330 2945 372 3009 ad
385 2956 504 3008 nostras
520 2944 664 3008 adstabat
678 2951 770 3005 noete
784 2941 944 3015 fenestras,

111 3119 114 3126 ยน
221 3046 335 3110 Nescio
350 3046 429 3133 quid
444 3047 559 3110 Graeoo
572 3063 735 3112 murmure
750 3041 842 3106 dulce
858 3062 982 3104 canens.

178 3145 272 3210 Nunc
287 3148 419 3212 aderant
432 3146 581 3222 lacrimae,
596 3144 742 3229 gemitus,
757 3126 897 3228 suspiria,
912 3141 1086 3229 pallorque,

220 3247 264 3312 Et
278 3249 432 3336 quidquid
446 3247 569 3313 nullum
584 3246 703 3331 fingere
718 3267 807 3330 posse
821 3254 922 3330 putes.

178 3350 242 3412 Sed
256 3351 342 3415 velut
357 3350 504 3415 afflictam
519 3349 654 3414 nimium
668 3347 833 3412 miseratus
847 3357 1017 3425 amantem,

220 3450 347 3516 Efficior
360 3453 463 3538 potius
477 3461 554 3515 tuno
567 3449 763 3514 miserandus
777 3469 845 3531 ego.

176 3553 259 3618 Haee
273 3564 340 3618 eret
355 3553 490 3638 egregiae
504 3553 624 3626 fonnae,
640 3549 807 3634 vultusque
822 3546 956 3612 modesti
963 3571 973 3622 3

219 3655 327 3732 Grata
344 3655 463 3720 micans
476 3651 584 3729 oculis,
599 3672 659 3714 neo
673 3648 778 3714 minus
793 3659 859 3712 arte
874 3647 1001 3736 placens
1009 3672 1018 3724 3

174 3755 278 3820 Docta
291 3756 378 3842 loqui
392 3755 507 3840 digitis,
523 3765 556 3818 et
573 3751 712 3818 carmina
726 3750 846 3835 fingere
861 3749 963 3824 docta,

217 3856 261 3920 Et
275 3879 491 3943 responsuram
507 3854 671 3920 sollicitare
687 3853 795 3938 lyram.

174 3957 266 4022 Illam
286 3959 413 4022 Sireniis
428 3955 619 4043 stupefactus
634 3953 777 4018 cantibus
792 3973 930 4038 nquam,

219 4059 345 4124 Effioior
360 4060 489 4125 demens
504 4059 583 4126 alter
600 4055 728 4142 Ulysses
743 4077 811 4140 ego.

691 4181 711 4221 E
