3228 4982
12 607 38 672 S

294 487 415 552 V'mrrs
439 489 643 552 Sunmunue
660 509 702 552 ou
722 491 888 554 Aucrone
909 489 1127 556 Eouorsauu.
1218 497 1238 555 5

230 640 279 706 Et
294 643 440 726 quamvis
455 651 512 706 tuo
527 644 653 727 scripta
668 644 754 719 olim,
771 645 879 708 divine
887 654 1002 729 poeto,

272 727 324 790 Ac
339 750 450 790 uersus
465 729 597 791 tulerint
611 730 733 792 soeculo
749 730 848 814 longo
863 739 956 804 tuos,·

233 813 321 876 Orbe
336 813 463 897 quidem
478 821 545 875 toto
561 813 645 876 oioet
659 823 727 890 tao,
748 814 857 891 Galle,
875 815 1030 896 Lycoris,

279 898 370 960 Vivet
384 907 415 960 et
430 898 604 982 ingenium,
626 897 726 962 Galle
733 910 849 984 poeto,
865 909 962 962 tuum.

186 1037 317 1100 Testem
332 1037 411 1100 adeo
426 1036 683 1136 laudatoremque
697 1037 746 1101 sui
760 1038 904 1102 facinoris
923 1040 1067 1104 assumsit
1084 1041 1132 1105 Jo.
1150 1041 1235 1126 Bap-

184 1122 290 1186 tistam
319 1122 560 1198 Rhamnusium,
587 1145 641 1209 qu]
667 1122 700 1186 in
727 1123 811 1187 calce
837 1124 936 1188 libelli
961 1124 1030 1189 haec
1056 1127 1234 1211 subjungit:

185 1209 317 1285 Lector,
342 1210 430 1293 quod
457 1211 518 1272 bas
544 1211 641 1272 Corn.
668 1210 762 1273 Galli
785 1212 898 1275 Poetae
921 1213 1081 1296 reliquias
1103 1214 1234 1299 legeris,

185 1295 364 1377 Pomponio
391 1295 549 1370 Gaurion,
573 1296 771 1358 adolescenti
794 1297 925 1379 optimo,
947 1298 1082 1381 gratias
1104 1299 1233 1362 habeto.

187 1377 253 1440 Ubi
269 1388 301 1440 et
315 1377 456 1462 ejusdem
475 1377 662 1441 Rhamnusii
677 1377 873 1462 epigramma.
885 1380 1075 1465 adscriptum
1091 1392 1138 1446 est
1152 1379 1233 1445 tale:

229 1514 266 1575 Si
282 1513 355 1596 quis
369 1535 481 1575 seusus
496 1513 590 1587 inest,
607 1514 636 1575 si
652 1535 718 1596 qua
731 1522 781 1576 est
794 1536 880 1577 mens
895 1515 962 1578 ulla
977 1517 1125 1600 sepultis,

272 1596 429 1682 Pomponi
439 1599 553 1681 pietas
568 1599 636 1660 lraec
651 1608 707 1660 tuo
720 1607 822 1682 grato
837 1600 932 1663 sotis.

229 1682 446 1767 Qui-sparsos
461 1683 585 1746 cineres
593 1685 737 1766 proprio
752 1685 915 1767 componis
930 1706 1059 1760 acerno,

274 1767 339 1836 Qui
354 1768 478 1832 titulum
490 1767 631 1851 proprio
646 1768 792 1830 restituis
807 1770 937 1831 tumulo.

182 1922 186 1927 .
226 1853 307 1937 Ipse
322 1861 375 1914 tuo
392 1853 519 1914 tandem
538 1851 658 1914 Gallus
672 1874 755 1914 nunc
769 1875 897 1915 munere
909 1854 1046 1937 gaudet,

270 1937 338 2022 Spe
349 1937 482 2022 penitus
496 1937 616 1999 dextro
630 1958 691 1998 non
708 1937 863 2000 cecidisse
877 1960 949 2000 sua.

185 2085 345 2149 Memorat
370 2085 439 2148 haec
463 2094 496 2147 et
519 2106 538 2146 e
560 2083 662 2167 prima
687 2083 816 2147 Gaurici
841 2085 977 2148 editione
1002 2085 1090 2148 ducit
1115 2085 1235 2152 Melch.

185 2171 353 2235 Goldastus
373 2170 406 2232 in
423 2169 522 2254 Epist.
539 2167 685 2232 Dedicat.
703 2169 809 2233 Ovidii
826 2169 959 2233 Eroticis
976 2170 1146 2254 praemissa,
1163 2194 1236 2258 quae

183 2256 297 2320 deinde
320 2255 385 2340 ipse
406 2255 470 2318 vidi
492 2264 606 2318 cuncta
627 2253 727 2338 repeti
749 2254 782 2317 in
802 2254 1032 2340 exemplaribus
1051 2255 1234 2334 editionum,

182 2365 255 2428 quae
273 2341 520 2425 Pomponianam
543 2339 683 2424 proxime
705 2338 855 2404 insecutae
876 2352 1102 2425 expresserunt,
1121 2342 1236 2406 Parisi-

183 2426 639 2512 ensisetAscensianae‚1503,
655 2425 925 2508 Argentoratensis
941 2448 980 2489 ex
993 2426 1118 2490 officina
1136 2428 1236 2492 Schu-

183 2513 313 2588 reriana,
333 2516 425 2574 1509.

227 2683 295 2747 Etsi
313 2682 441 2747 omnino
460 2683 552 2767 pauci
573 2681 764 2746 eruditorum
783 2681 919 2758 fuerunt,
938 2682 992 2768 qui
1013 2681 1084 2746 fuco
1106 2683 1235 2748 Gaurici

182 2793 214 2834 se
241 2769 348 2832 induci
370 2777 561 2853 paterentur,
585 2778 618 2831 et
643 2767 769 2851 Elegiae
791 2768 870 2831 serio
893 2789 959 2830 esse
985 2767 1124 2832 Cornelii
1148 2769 1235 2833 Galli

182 2855 355 2930 crederent,
401 2877 451 2918 uae
473 2864 563 2916 erant
586 2851 783 2929 Maximiani,
807 2853 926 2916 inventi
949 2864 1057 2917 tumen
1080 2855 1233 2931 nonnulli,

204 2942 237 3004 ui
251 2963 315 3004 non
330 2877 409 3005 nihii
427 2939 635 3002 concederent
650 2939 680 3000 ei
695 2939 843 3022 opinioni,
862 2949 895 3002 et
936 2938 1147 3002 uodammodo
1166 2961 1234 3002 me-

205 3026 267 3089 'am
289 3026 329 3088 de
352 3035 477 3088 auctore
504 3046 612 3086 earum
639 3023 826 3086 sententiam
851 2961 1125 3107 amplecterentur.
1172 3022 1233 3087 Lil.

183 3113 279 3194 Greg.
300 3110 466 3196 GyralduS,
486 3109 544 3172 etsi
561 3108 652 3172 valde
675 3108 847 3172 detestatur
869 3129 978 3170 eorum
993 3107 1232 3192 impudentiam,

182 3197 236 3283 qui
250 3195 417 3260 tralaticios
432 3206 464 3258 et
482 3194 648 3259 ementitos
665 3215 771 3256 versus
791 3194 849 3257 sub
871 3191 957 3257 Galli
979 3203 1081 3278 poetae
1104 3195 1232 3259 nomine

181 3283 390 3357 venditbrunt,
404 3281 530 3365 subjicit
544 3292 668 3343 tamen:
700 3281 803 3344 Unam
819 3303 895 3344 cero
910 3282 961 3345 rel
973 3281 1112 3344 alteram
1127 3281 1232 3365 ipsius

185 3369 279 3432 Galli
297 3391 367 3432 esse
390 3391 452 3430 non
476 3369 652 3431 obnrrerim.
704 3364 733 3428 J.
751 3365 791 3428 A.
810 3364 971 3428 Fabricius
994 3363 1026 3427 in
1051 3364 1134 3428 Bibl.
1159 3364 1231 3430 Lat.

180 3453 333 3538 opinatur,
352 3451 526 3537 Gyraldum
545 3450 581 3513 iis
599 3451 701 3514 verbis
723 3449 802 3513 forte
825 3450 977 3535 respicere
1002 3447 1156 3531 Elegiam‚
1173 3452 1231 3515 sub

180 3538 283 3601 Asinii
305 3536 445 3601 Cornelii
467 3536 552 3601 Galli
574 3536 701 3599 nomine
722 3536 763 3599 ab
782 3535 867 3598 Aldo
891 3533 1038 3598 Manutio
1062 3533 1231 3601 Florentiae

179 3623 306 3700 editam,
319 3645 392 3709 quae
407 3621 533 3706 incipit:
557 3623 634 3686 Non
640 3622 714 3706 suit
728 3621 924 3684 Arsacidum
939 3620 1023 3683 tanti
1037 3642 1232 3705 expugnare

178 3711 344 3774 Seleucen.
393 3707 457 3770 Sed
477 3707 611 3771 Moneta
630 3707 662 3769 in
682 3704 881 3788 Menagianis
898 3728 929 3789 p.
944 3708 1018 3778 343,
1038 3713 1146 3768 contra
1162 3727 1231 3770 mo·

178 3804 242 3869 net,
271 3792 447 3878 Gyraldum
472 3793 535 3856 duo
561 3793 601 3855 de
625 3791 832 3878 quadraginta
853 3790 941 3853 annis
963 3799 1036 3853 ante
1059 3789 1230 3855 editionem

178 3880 246 3963 ejus
268 3878 398 3961 Elegiae,
417 3900 532 3963 nempe
552 3899 635 3941 anno
658 3881 751 3952 1552,
767 3898 834 3939 esso
851 3886 1021 3950 mortuum,
1037 3884 1132 3960 atque
1150 3877 1230 3941 adeo

178 3963 301 4027 nullum
317 3963 347 4027 ei
362 3963 550 4048 conjecturae
565 3963 669 4026 locum
685 3983 760 4025 esse.
806 3960 943 4025 Difficile
958 3970 1065 4024 tamen
1081 3972 1128 4024 est
1143 3962 1229 4045 judi·

178 4072 259 4125 care,
276 4069 353 4135 quas
370 4048 496 4133 Elegiae
510 4049 543 4112 in
558 4048 663 4113 animo
678 4045 824 4112 habuerit
842 4046 1007 4132 Gyraldus,
1027 4067 1105 4196 gras
1125 4046 1229 4110 exuti-

178 4145 280 4200 maret
297 4135 390 4200 Gallo
405 4135 515 4219 dignas
530 4156 605 4198 esse.
654 4131 775 4198 Similia
792 4131 857 4196 fere
876 4131 970 4196 sentit
984 4132 1012 4195 J.
1060 4153 1112 4196 aes.
1131 4131 1228 4198 Scali-
