3228 4982
350 453 389 512 12
627 446 714 511 Vrrs
730 466 772 510 nr
788 445 880 510 Aera
899 444 1113 511 Mammam.

346 598 509 697 epistelam
526 597 714 661 Theoderici
729 597 813 683 apud
835 597 1063 673 cassiodorum,
1080 619 1213 684 eamque
1234 596 1314 662 adeo
1334 620 1401 662 cre-

346 683 445 748 ditam
460 682 507 746 his
522 683 631 766 legatis
642 694 741 768 putat,
755 694 791 747 ut
806 683 847 746 ad
858 683 1060 746 Anastasium
1074 683 1189 768 Impar.
1201 683 1403 768 perferretur.

348 768 502 855 Idemque
525 768 619 832 sentit
643 769 836 832 Fontauinus
855 791 921 853 cap.
937 768 980 830 iii.
1002 773 1025 852 p.
1044 791 1073 831 v.
1096 791 1126 852 p.
1146 774 1197 831 56.
1246 769 1310 832 Sed
1331 768 1402 832 falsi

347 875 413 916 esse
437 877 476 917 ea
499 854 533 916 in
559 877 592 917 re
616 854 770 917 videntur.
821 855 905 917 Nam
929 854 998 918 haec
1021 854 1136 937 legatie
1160 877 1223 917 non
1248 855 1289 917 ad
1312 854 1404 918 Ana-

347 939 485 1014 stasium‚
498 941 553 1002 sed
564 940 605 1002 ad
618 940 779 1003 Zenonem
794 940 932 1024 primum
944 939 1062 1003 directa
1077 950 1153 1014 erat,
1167 940 1222 1002 sed
1234 939 1402 1002 Anastasio

347 1025 477 1087 demum
493 1036 643 1108 regnante
659 1027 882 1100 revertebatur,
898 1047 958 1088 nec
972 1025 1100 1088 omnino
1116 1025 1155 1086 de
1171 1047 1248 1108 pace
1270 1034 1303 1088 et
1322 1025 1400 1086 ami-

348 1110 421 1173 citia
436 1133 509 1172 cum
526 1111 717 1196 Imperatore
737 1111 876 1175 Orientis
895 1110 1059 1184 firmanda,
1079 1110 1165 1195 quod
1184 1110 1314 1195 quidem
1334 1111 1401 1194 epi-

347 1195 427 1259 stola
442 1196 631 1259 Theoderici
645 1196 722 1271 vult,
741 1197 815 1279 egit,
835 1196 890 1258 sed
911 1205 1035 1258 tantum
1055 1195 1095 1257 de
1117 1195 1319 1259 concedenda
1341 1195 1400 1258 sibi

335 1281 434 1364 ‚regia
459 1281 620 1363 dignitate.
676 1279 718 1345 Et
743 1281 870 1344 fortasse
897 1291 1026 1343 eventus
1052 1279 1216 1363 legationis
1242 1281 1309 1364 ejus
1336 1303 1399 1343 nen

346 1366 440 1450 plane
456 1366 497 1428 ad
511 1388 599 1450 spem
618 1376 650 1428 et
664 1376 772 1429 vetum
794 1365 983 1429 Theoderici
1003 1365 1213 1450 responderat.
1262 1367 1403 1428 Succen-

347 1450 442 1513 suisse
465 1451 602 1535 primurn
619 1450 815 1515 Theoderico
834 1451 1014 1514 Anastasius
1028 1451 1161 1526 videtur,
1178 1451 1263 1536 quod
1277 1450 1399 1534 regium

346 1537 463 1598 nomen
478 1536 652 1600 inconsulte
668 1536 859 1620 Imperatore
875 1536 1061 1621 arripuisset,
1075 1547 1108 1599 et
1122 1536 1258 1621 iniquius
1274 1538 1404 1620 resp'on·

347 1621 448 1697 disse3
479 1644 553 1684 mex
578 1632 684 1684 autem
710 1621 943 1685 Theodericum
969 1622 1078 1685 tollere
1104 1623 1245 1685 subortas
1270 1630 1400 1685 conten-

347 1706 457 1782 tiones,
476 1716 509 1769 et
529 1717 695 1771 nutantem
717 1707 799 1770 inter
820 1717 989 1793 utrumque
1011 1707 1179 1792 imperium
1202 1707 1401 1771 concordiam

348 1793 542 1868 confirmare,
569 1793 656 1856 nevis
682 1793 854 1856 oratoribus
879 1793 989 1867 missia,
1017 1793 1179 1868 studuisse,
1207 1792 1352 1876 colligere
1382 1816 1399 1857 e

348 1877 450 1940 verbis
474 1877 556 1952 licet,
582 1901 654 1963 quae
678 1878 711 1940 in
737 1878 899 1964 Excerptis
921 1878 1094 1941 Valesianis
1117 1900 1208 1963 porro
1233 1878 1399 1962 legrmtur:

349 1965 456 2027 Facta
481 1986 569 2048 pace
596 1987 663 2027 carn
688 1963 869 2028 Anastasio
896 1966 1101 2048 Imperatore
1120 1988 1183 2048 per
1205 1966 1337 2028 Festum
1360 1968 1400 2028 de

343 2051 600 2134 praesumptione
630 2051 735 2135 regni,
762 2060 794 2112 et
820 2051 927 2112 ornnia
954 2059 1142 2112 ornamenta
1162 2049 1300 2132 palatii,
1327 2072 1400 2134 quer

353 2133 524 2197 Odoachar
551 2135 861 2218 Constantinopolim
888 2135 1123 2206 transmiserat,
1148 2136 1295 2198 remittit.
1345 2133 1401 2195 Ad

348 2217 430 2280 hanc
444 2217 633 2300 legationem
648 2241 705 2302 per
722 2219 851 2281 Festum
866 2228 1025 2302 peractam
1040 2228 1125 2280 recte
1141 2219 1212 2282 Car.
1228 2217 1373 2300 Sigonius
1379 2220 1399 2292 ³,

349 2313 382 2365 et
413 2303 513 2364 Hem.
545 2302 709 2365 Valesius*
739 2303 901 2370 eistolam
932 2303 1122 2366 Theoderici
1151 2303 1399 2366 accommodant.

351 2388 435 2450 Nam
451 2387 483 2450 in
498 2387 553 2451 illa
567 2387 681 2450 diserte
696 2325 860 2472 prolitetur
875 2387 1109 2452 Theodericus:
1148 2391 1293 2454 Proinde
1311 2391 1401 2452 illum

349 2485 381 2537 et
393 2475 482 2537 illum
494 2474 669 2559 legationis
681 2476 786 2559 officio
797 2477 842 2536 ad
849 2475 1085 2538 serenissimam
1094 2476 1248 2558 pietatem
1261 2479 1401 2554 uestram

350 2561 590 2633 destinavimus,
609 2569 644 2622 ut
657 2560 830 2623 sinceritas
845 2561 953 2642 pacis,
971 2582 1043 2644 qnce
1063 2561 1189 2624 caussis
1209 2561 1401 2646 emergenti-

350 2645 407 2708 Ims
432 2647 638 2730 cognoscitur
663 2667 733 2708 esse
759 2645 886 2721 uitiata,
913 2644 1050 2708 detersis
1077 2644 1342 2716 contentionibus,
1367 2645 1401 2707 in

350 2753 410 2793 stra
426 2731 577 2812 deinceps
581 2731 746 2814 firmitate
760 2732 912 2793 restituta
922 2739 1116 2814 permaneat
1128 2757 1139 2793 .·
1162 2731 1241 2814 quia
1250 2730 1328 2814 pati
1344 2753 1401 2793 uos

350 2836 413 2878 non
428 2816 587 2878 credimus
603 2815 687 2878 inter
706 2823 862 2898 utrasque
877 2815 1109 2898 Respondimus,
1127 2837 1263 2900 quarum
1276 2837 1402 2898 semper

351 2923 444 2962 unum
466 2922 584 2985 corpus
606 2899 663 2962 sub
685 2901 829 2984 antiquis
844 2899 1053 2984 Principibus
1063 2901 1178 2985 fuisse
1201 2900 1405 2975 declaratur,

351 2987 481 3068 ‹diqaid
493 2985 666 3050 discordia
674 3007 880 3068 permanere.

395 3069 448 3131 Ad
462 3069 544 3132 hanc
561 3092 672 3153 pacem
690 3069 832 3132 alludens
853 3070 986 3131 Senatus
1008 3068 1180 3143 Romanus,
1198 3067 1399 3132 Anastasium

352 3155 531 3236 Augustum
547 3153 659 3218 affatur
672 3154 783 3229 verbis,
800 3177 871 3239 quae
892 3152 1071 3217 Hormisdae
1089 3151 1198 3216 litteris
1218 3153 1401 3217 intexuntur

350 3238 435 3322 apud
460 3238 630 3301 BaronIum
658 3238 699 3300 A.
716 3238 758 3301 D.
785 3243 858 3300 515.
889 3241 913 3320 ᾗ.
938 3237 1033 3301 xlia:
1072 3241 1229 3314 Proinde,
1250 3241 1400 3329 piissime

349 3327 545 3408 Imperator,
568 3325 638 3388 naee
659 3347 718 3388 sne
740 3325 865 3388 nornine
887 3327 1026 3388 Senatus
1046 3325 1233 3388 serenitatis
1254 3335 1317 3389 tuae
1337 3326 1400 3388 cle-

349 3410 468 3472 mentia
484 3419 684 3494 prouocatus
702 3410 866 3493 affuerit,
887 3420 921 3472 ut
941 3411 996 3493 qui
1017 3410 1124 3472 animo
1146 3411 1399 3494 quambenigno

350 3496 383 3565 in
398 3503 537 3578 utroque
552 3495 737 3580 Republica
753 3497 980 3558 concordanda
993 3495 1109 3578 suisti,
1127 3504 1192 3558 toni
1208 3517 1278 3558 esse
1288 3497 1349 3580 pie
1366 3495 1399 3557 in

350 3578 510 3644 Ecclesia
531 3583 795 3666 redintegrandae
817 3581 941 3643 unitate
961 3580 1119 3642 noscaris.
1164 3579 1253 3642 Nara
1275 3589 1308 3641 ut
1324 3602 1399 3664 pax

350 3666 409 3727 illa
430 3665 620 3749 Regnorum
641 3676 764 3728 tanturn
785 3667 888 3728 scitur
904 3667 1066 3749 prodesse
1086 3664 1249 3749 subjacus,
1266 3665 1314 3727 sie
1330 3666 1400 3727 lrcec

348 3750 529 3833 religionis,
547 3773 617 3812 cunr
631 3751 753 3834 populo
768 3771 824 3812 suo
839 3750 977 3834 preficit
997 3751 1181 3833 imperanti.
1230 3747 1340 3811 Plures
1361 3769 1399 3810 ee

349 3914 478 3978 mianum,
496 3913 518 3966 si
536 3914 655 3966 Irenaeus
676 3913 780 3968 Gelasii
799 3922 848 3978 est,
923 3915 989 3968 ⁸De
1003 3913 1144 3967 Occident.
1158 3913 1228 3982 Imp.
1242 3915 1288 3968 lib.
1303 3915 1355 3967 xri.
1370 3931 1397 3982 p.

349 3986 382 4037 ab
401 4001 432 4036 eo
450 3983 521 4034 inter
538 3984 607 4035 filies
626 4001 688 4036 suos
706 3983 850 4049 numerari,
888 3989 950 4037 269.

349 4053 395 4122 qui
413 4051 516 4104 nullam
536 4053 602 4105 adeo
621 4053 736 4120 speciem
759 4051 853 4106 Chris·
926 4052 983 4106 ‘In
996 4059 1051 4106 not.
1065 4052 1255 4122 adExcerpta.

351 4123 431 4176 tanae
442 4121 551 4190 pietatis
564 4123 673 4191 prabet.
