3228 4982
400 489 442 552 Iu
459 489 705 555 Maxrumuuu
722 471 1043 555 Wnnusnourmurc.
1206 495 1247 554 95

197 624 260 679 inde
272 643 372 695 ponere
382 623 489 680 videtur
504 643 554 697 pro
570 629 661 681 dicere
673 626 744 697 quod
757 626 817 698 quis
829 633 916 696 putat.
935 627 998 682 Vid.
1011 625 1082 680 inira
1092 643 1118 682 r.
1131 632 1248 683 tu--a

192 701 241 750 30.
262 697 342 750 Vocis
358 695 478 750 habebat
492 695 586 766 apua]
607 715 664 751 rem
678 705 706 751 et
718 697 773 750 vim
785 697 858 751 vocis
874 698 1004 751 habebat:
1025 697 1097 751 idem
1111 697 1247 768 signifiea-

196 767 252 830 bat,
268 767 339 850 quad
351 785 403 821 vox
415 774 488 820 certa
500 774 714 836 posset—33.
727 769 839 837 Sopitas
846 776 1003 837 premerent
1013 769 1115 822 oblivia
1127 765 1246 838 senene]

198 836 306 891 Obliuo
318 855 408 891 rerum
421 837 508 891 somni
520 844 548 891 ct
559 837 657 908 quietis
670 855 766 892 comes.
803 837 879 907 Virg.
895 837 961 891 AEn.
974 837 1010 890 ix.
1024 843 1092 892 225:
1115 841 1248 892 animalia

197 925 288 962 sarano
304 909 442 961 Lenibant
459 926 540 962 curas
559 917 585 962 et
602 911 686 962 corda
705 910 790 962 oblita
809 907 940 962 laborum.
979 910 1113 962 Premunt
1129 909 1177 962 illa
1196 910 1245 963 ob·

197 976 261 1030 livia
280 995 383 1044 sensus,
404 985 435 1031 ut
454 977 511 1046 ipse
531 996 641 1031 somnus
656 997 783 1046 premere
802 978 909 1033 dicitur.
946 977 981 1032 V'
1018 979 1105 1032 .AEn.
1124 978 1158 1033 vi.
1176 983 1246 1034 521:

192 1051 350 1117 pressitque
358 1049 497 1117 'jacentem
516 1049 617 1102 Dulcia
634 1057 662 1102 et
679 1050 738 1102 alta
757 1050 842 1118 quies.
880 1048 985 1101 Auctor
1028 1049 1144 1117 pitomes
1162 1048 1245 1103 Hom.

197 1135 222 1171 v.
239 1121 304 1172 115:
326 1121 455 1188 Dumque
472 1127 517 1172 tno
536 1118 664 1188 (somne)
679 1121 818 1187 premitur
835 1121 940 1187 sopitus
953 1121 1077 1186 pondere
1093 1121 1248 1173 dulei.—

197 1193 241 1242 39.
261 1190 399 1243 Turbatus
411 1192 513 1242 excitat
525 1187 627 1257 artus]
641 1189 659 1242 i.
672 1207 695 1243 e.
708 1196 799 1242 mente
811 1191 983 1258 perturbatus
996 1189 1103 1242 excitat.
1123 1188 1245 1252 adestne,

216 1258 245 1310 ui
256 1260 355 1312 mentis
367 1267 417 1325 est,
432 1259 577 1312 translatus
590 1259 624 1311 ad
640 1259 785 1312 exteriores
800 1265 891 1330 artum
912 1260 983 1330 quod
1000 1276 1071 1328 saepe
1084 1259 1128 1313 fit.
1166 1259 1246 1314 Ovid.

229 1346 265 1382 er.
279 1329 315 1381 xi.
333 1335 398 1383 102:
419 1330 461 1382 Et
469 1331 542 1400 supe
558 1331 668 1384 turbato
683 1337 754 1383 tecta
767 1331 887 1400 affunde
901 1332 1100 1398 pede—41.
1120 1331 1191 1383 Toto
1206 1347 1248 1384 me

192 1408 305 1466 pectore
316 1418 435 1454 somnum
449 1402 550 1468 Prosp.
564 1397 632 1470 effi]
666 1400 820 1454 Genuinam
836 1400 906 1452 hanc
924 1417 982 1453 esse
998 1399 1150 1465 lectionem,
1165 1417 1248 1470 quam

197 1469 311 1524 ducibus
329 1470 424 1539 msptis
442 1470 572 1536 dedimus,
592 1471 697 1539 phrasis
714 1468 873 1538 Virgilianae,
895 1487 976 1540 quam
994 1470 1125 1540 expressit
1143 1476 1246 1538 auctor,

197 1539 284 1604 docet,
300 1540 364 1594 AEn.
378 1540 414 1594 ix.
428 1545 497 1594 326:
519 1549 574 1594 toto
587 1542 737 1608 prestabat
748 1549 860 1608 pectore
872 1557 1000 1594 somnam.
1038 1539 1117 1594 Orid.
1134 1540 1203 1594 Met.
1217 1541 1246 1594 ii.

198 1614 245 1663 8⁵:
265 1611 372 1678 iqnihus
384 1612 449 1676 illis,
471 1612 546 1673 Quos
559 1613 587 1662 in
595 1619 707 1678 pectore
718 1609 827 1676 tabent,
842 1628 909 1680 quas
921 1628 968 1664 ore
980 1619 1008 1664 et
1018 1612 1131 1664 naribus
1143 1611 1247 1680 afflant.

196 1687 311 1733 —4n
333 1682 413 1734 Vana
429 1678 554 1750 puteat]
575 1679 654 1734 Vana
670 1687 742 1745 sunt,
761 1698 822 1750 quae
839 1679 927 1733 dicis?
960 1679 1023 1734 Vid.
1041 1681 1148 1733 noted
1163 1698 1188 1734 v.
1202 1685 1247 1735 23.

198 1749 350 1804 Verborum
363 1769 399 1804 aa
412 1770 477 1804 vera
490 1769 571 1820 sopor
584 1752 704 1804 ludibria
707 1752 804 1818 jactat
815 1750 942 1819 ambigua
954 1750 1087 1803 sententia
1099 1757 1148 1804 est.
1175 1749 1247 1804 Nam

196 1821 318 1874 ludibria
343 1828 456 1891 possunt
480 1821 565 1890 accipi
587 1821 619 1873 de
639 1820 789 1873 simulacris
809 1837 900 1872 rerum
921 1819 1004 1885 falsis,
1026 1820 1124 1891 quibus
1145 1821 1250 1874 somnia

196 1889 295 1944 ludunt
316 1897 343 1944 et
363 1891 481 1944 illudunt
504 1890 706 1945 dormientibus.
744 1890 782 1944 Ut
799 1889 896 1959 Virgil.
915 1889 954 1943 ait
972 1889 1036 1944 AEn.
1054 1907 1081 1944 x.
1098 1895 1167 1945 642:
1188 1891 1249 1945 Aut

197 1979 258 2030 qnoe
276 1965 379 2030 sopitas
397 1963 528 2015 deludunt
545 1963 650 2014 samnia
668 1979 769 2026 sensns,
790 1968 818 2014 et
836 1961 944 2014 Patron.
958 1978 1016 2030 cap.
1035 1964 1099 2014 104:
1122 1963 1246 2029 Somnia,

196 2049 256 2100 que
270 2040 369 2086 mentes
385 2034 482 2085 ludunt
497 2032 672 2086 volitantibus
688 2032 799 2084 umbris.
838 2031 892 2085 Sed
907 2037 1020 2100 possunt
1032 2031 1113 2084 etiam
1126 2032 1248 2085 ludibria

197 2102 347 2171 significare
363 2101 517 2156 illusionem
534 2109 561 2155 et
577 2103 657 2155 verba
668 2102 769 2170 jocosa,
785 2101 882 2172 quibus
899 2100 996 2170 aliquis
1011 2101 1115 2154 ridetur
1131 2107 1158 2154 et
1174 2101 1247 2155 ludi·

197 2173 256 2226 brio
276 2172 399 2227 habetur.
428 2172 473 2225 cui
492 2171 709 2240 interpretationi
732 2171 803 2225 favet
827 2172 963 2239 adjectum
986 2189 1061 2237 uera,
1084 2178 1113 2225 ct
1136 2173 1248 2226 verbum

186 2244 293 2312 jactat.
311 2259 374 2296 nam
391 2244 512 2296 ludibria
520 2244 634 2311 jactare
647 2259 723 2312 aeque
735 2241 788 2294 dici
804 2248 901 2310 potest,
917 2259 948 2294 ac
961 2242 1065 2309 jactare
1077 2241 1206 2308 convicia,
1221 2250 1248 2296 et

197 2332 263 2367 vera
275 2314 396 2367 ludibria
409 2320 482 2379 sunt,
497 2330 557 2383 quae
569 2329 632 2365 rere
644 2330 676 2365 ea
690 2329 771 2365 causa
783 2313 930 2380 jactantur,
946 2320 977 2365 ut
993 2311 1061 2365 altar
1077 2329 1105 2365 se
1117 2311 1250 2366 ludificari

241 2469 280 2513 25.
294 2466 352 2513 Hoc
366 2463 497 2517 distichon,
514 2463 582 2526 quod
598 2480 612 2510 a
626 2461 735 2511 Gaurion
752 2466 858 2523 ejectum
873 2466 904 2512 ab
920 2463 1035 2512 omnibus
1049 2464 1122 2512 editis
1137 2481 1196 2512 eum
1212 2481 1249 2513 se-

197 2529 330 2592 quentibus
346 2529 449 2585 exsulat,
467 2528 547 2588 Mspti
562 2543 654 2584 omnes,
671 2535 746 2589 atque
763 2544 793 2575 ex
811 2527 935 2589 impressis
953 2528 1094 2587 Pulmanni‚
1109 2529 1207 2584 Pithoei
1224 2539 1249 2578 et

198 2593 312 2642 Golduati
329 2593 448 2642 editiones
464 2600 555 2640 tenent.
591 2594 667 2652 Atque
683 2594 769 2654 aliquis
785 2595 829 2640 tibi
846 2609 905 2640 coeca
919 2592 949 2640 G.
964 2592 1058 2640 vitiose.
1103 2597 1142 2642 26.
1163 2595 1249 2642 Cariat

195 2667 325 2706 cantantem
337 2658 376 2706 Pi.
391 2658 423 2705 0.
450 2659 524 2705 Canta
535 2664 663 2703 cantantem
676 2657 706 2704 V.
720 2657 763 2703 Gr.
780 2657 811 2704 G.
845 2662 884 2704 28.
898 2659 1011 2704 Proditnr
1024 2656 1157 2704 Withofius
1168 2657 1246 2705 liben-

196 2723 246 2771 tius
257 2723 338 2785 lcgere
349 2723 411 2778 vult,
424 2738 498 2784 quam
512 2723 636 2769 Panditur.
683 2726 722 2768 30.
738 2723 855 2768 Interdum
866 2730 931 2768 certa
942 2720 1055 2784 vulgatu.
1075 2723 1158 2770 clause
1172 2722 1202 2771 V.
1214 2724 1246 2771 R.

200 2789 244 2836 Gr.
259 2789 287 2836 P.
303 2788 332 2835 L.
345 2789 375 2836 G.
394 2787 436 2834 sed
447 2785 573 2847 praeferam
590 2784 660 2840 illud,
676 2785 735 2847 quia
752 2784 825 2833 modo
842 2785 923 2833 adfuit
939 2787 1023 2843 clausa,
1041 2794 1066 2834 et
1082 2788 1165 2835 clunem
1181 2786 1247 2835 rucis

197 2852 295 2900 nullum
306 2867 369 2912 opus
380 2867 430 2899 esse
441 2858 528 2911 potest.
563 2853 601 2898 32.
621 2852 705 2896 Secreti
716 2866 761 2896 nan
772 2853 793 2897 b.
799 2853 823 2913 f.
838 2852 882 2897 mei
896 2866 981 2897 ornnes
992 2850 1106 2913 vulgatae.
1122 2854 1245 2902 asardis...

196 2919 252 2964 meis
265 2917 297 2964 R.
328 2914 545 2978 Fortelegendum
561 2916 659 2962 Canama
669 2916 748 2962 secreti
758 2930 789 2961 ex
802 2915 873 2977 Eleg.
888 2931 910 2962 v.
925 2920 965 2962 95.
998 2920 1037 2962 34.
1058 2917 1246 2976 Cenacialinqua

197 2981 309 3042 vulgate.
329 2983 407 3028 nescia
422 2983 437 3026 l.
453 2980 484 3026 V.
500 2980 532 3026 R.
547 2979 575 3026 P.
585 2980 616 3026 G.
629 2978 659 3026 L.
695 2978 879 3026 Praeferendum
890 2986 952 3038 puto
963 2981 1061 3035 conscia,
1073 2979 1132 3040 quia
1143 2981 1247 3041 confessa

196 3044 295 3102 dicitur,
307 3047 396 3092 nescius
412 3042 524 3091 confiteri
540 3058 590 3090 non
606 3049 693 3104 potest.
738 3048 777 3092 35.
798 3044 879 3092 Cessas
894 3042 1009 3104 vulgata.
1026 3046 1108 3090 turdus
1120 3043 1151 3091 V.
1164 3043 1194 3090 L.
1209 3044 1241 3091 G.

197 3115 236 3158 36.
257 3111 355 3157 Inimica
371 3111 432 3156 redit
449 3108 480 3156 V.
501 3109 531 3155 R.
547 3107 591 3154 Gr.
608 3107 638 3155 L.
653 3107 684 3154 G.
730 3110 770 3156 37.
787 3110 897 3156 Protinus
913 3115 939 3155 at
957 3107 989 3153 V.
1004 3107 1048 3155 Gr.
1081 3111 1203 3156 Proximus
1219 3117 1246 3157 nt

196 3175 311 3235 vulgatae.
336 3177 404 3222 Pron.
424 3182 447 3221 et
467 3173 497 3221 L.
541 3172 650 3219 Rectum
668 3170 766 3218 videtur
784 3175 903 3220 Proximus
922 3180 948 3219 at
966 3189 1050 3220 mecum
1069 3177 1143 3220 comit.
1161 3187 1246 3220 omnes

196 3237 281 3299 scripti
293 3245 318 3285 et
334 3236 424 3285 excusi.
442 3236 485 3284 sed
501 3235 607 3284 dubium
623 3251 672 3283 non
689 3242 733 3293 est,
745 3235 806 3298 quin
823 3252 857 3284 me
873 3245 922 3284 tum
938 3241 1011 3284 comit.
1029 3235 1186 3284 scribendum
1202 3237 1242 3288 ait.

198 3301 269 3350 idern
281 3300 397 3349 viderunt
407 3301 541 3349 Withofiua
555 3309 582 3348 et
602 3301 772 3349 Ommerenus.
789 3317 835 3362 pro
850 3310 940 3357 amate,
952 3300 1020 3364 quod
1034 3300 1062 3349 in
1079 3301 1186 3366 vulgatis
1202 3311 1246 3359 est,

196 3384 271 3415 amore
282 3368 374 3414 habent
386 3367 417 3414 V.
432 3375 457 3414 et
469 3368 512 3414 Gr.
549 3370 589 3414 38.
604 3368 633 3414 In
646 3369 726 3428 gelida
735 3363 801 3428 farte
817 3365 901 3413 excusi
916 3365 967 3413 fere
983 3381 1074 3414 omnes.
1092 3367 1135 3414 sed
1151 3370 1247 3416 herbosa

198 3431 228 3479 V.
245 3432 275 3478 R.
288 3433 331 3479 Gr.
345 3431 375 3479 L.
393 3431 425 3479 G.
468 3436 508 3480 39.
524 3433 619 3478 limitat
635 3438 700 3478 nctus
718 3430 749 3476 A.
768 3430 798 3477 B.
819 3429 857 3476 Pi.
874 3431 905 3479 Ο.
919 3429 967 3477 Ριι.
984 3438 1050 3478 artas
1063 3431 1094 3479 V.
1110 3430 1154 3478 Gr.
1167 3430 1197 3478 P.
1213 3431 1245 3481 G.

196 3499 235 3543 41.
250 3499 323 3544 Corde
338 3499 436 3544 solutum
454 3495 486 3542 A.
501 3495 531 3540 B.
546 3493 584 3541 Pi.
607 3495 638 3542 0.
656 3501 681 3541 et
697 3493 757 3542 aliae.
771 3502 863 3556 pectere
878 3511 978 3542 amantem
996 3494 1026 3540 V.
1043 3494 1073 3541 L.
1087 3493 1116 3541 P.
1130 3496 1160 3542 G.
1177 3495 1245 3556 quod

195 3560 276 3607 multo
287 3558 376 3608 melius
387 3567 431 3606 est.
473 3563 513 3607 42.
528 3561 620 3620 Aspicit
630 3560 661 3606 G.
680 3565 774 3605 caeteroe
784 3561 908 3619 Praapieit.
927 3559 1043 3618 efflantem
1055 3571 1139 3604 omnes
1150 3557 1241 3606 exaud.

194 3628 305 3685 efflmatem
316 3639 382 3671 unus
392 3622 493 3671 exhibet
502 3623 533 3670 V.
545 3637 560 3669 a
570 3637 647 3670 manu
657 3620 771 3670 secunda.
782 3621 825 3669 sed
835 3623 882 3669 hoc
893 3621 976 3682 ipsum
986 3620 1093 3669 imitatio
1105 3621 1245 3685 virgiliana

195 3687 281 3750 poscit.
325 3694 365 3737 43.
382 3689 447 3737 Vana
462 3693 548 3750 putas?
565 3705 595 3736 an
611 3703 666 3736 vera
681 3703 729 3748 sap.
745 3687 776 3734 V.
794 3686 824 3735 B.
844 3685 882 3734 Pi.
901 3686 931 3734 0.
946 3687 981 3734 H.
1000 3685 1056 3746 Bip.
1095 3689 1160 3735 Vana
1174 3695 1245 3748 pater

195 3762 237 3802 aut
253 3771 307 3801 vera
319 3755 349 3801 G.
363 3761 433 3815 putat
446 3753 478 3800 R.
513 3752 537 3800 E
554 3750 676 3799 contrario
691 3755 750 3800 Vera
765 3761 843 3813 putas,
858 3768 889 3799 nn
905 3768 965 3800 auria
982 3751 1013 3799 L.
1030 3758 1055 3798 et
1071 3749 1107 3798 sic
1123 3750 1174 3814 legi
1191 3752 1246 3800 vult

197 3818 369 3866 Ommerenus.
392 3816 434 3866 cui
450 3824 533 3865 tamen
551 3815 652 3864 lectioni
671 3831 754 3864 versus
774 3815 855 3863 minor
872 3831 922 3863 non
941 3815 1001 3863 satis
1018 3817 1081 3864 bene
1099 3815 1244 3878 respondere

194 3881 298 3931 ridetur.
339 3887 378 3930 44.
391 3885 425 3931 Et
441 3890 463 3930 te
479 3899 553 3939 verres,
570 3885 612 3938 ait,
627 3890 687 3942 pact.
701 3884 753 3929 ard.
770 3884 839 3929 liniet
855 3881 969 3943 vulgatae.
1005 3883 1055 3928 Ant
1072 3889 1093 3929 te
1110 3897 1184 3936 verus,
1201 3885 1244 3939 ait,

190 3951 292 4008 pectoris
309 3950 380 3996 ardor
395 3949 446 4010 agit
463 3946 494 3994 V.
510 3946 542 3994 R.
578 3949 616 3994 Aa
633 3949 670 3994 llic
688 3962 755 3993 uerus
774 3950 809 3993 ait
825 3949 924 4006 pectoris
944 3949 1013 3993 ardor
1024 3949 1075 4006 ugit
1086 3946 1117 3993 G.
1146 3947 1195 3993 Hic
1210 3955 1246 3994 eet

193 4028 267 4070 rmus,
278 4015 320 4068 ait,
332 4015 431 4072 pectoris
441 4015 511 4060 arder
520 4013 587 4073 angit
599 4009 630 4058 L.
663 4009 812 4070 'Perplexam
829 4017 854 4056 et
870 4008 971 4057 dubiam
987 4008 1065 4056 totius
1079 4007 1180 4057 distichi
1195 4008 1244 4058 iec-

195 4074 288 4125 tionem
300 4083 325 4124 et
336 4074 482 4123 sententiam
499 4073 716 4130 emendationes
732 4073 910 4134 exemplarium
925 4073 1099 4123 demonstrant.
1134 4073 1192 4138 Ego
1203 4074 1248 4122 rix·

194 4139 313 4202 crpedic;
331 4140 506 4205 vulgatumque
522 4137 660 4195 lectionem,
673 4146 701 4186 ut
717 4153 732 4186 a
747 4138 861 4200 pluribus
877 4147 1007 4202 receptam,
1025 4139 1091 4188 malo
1106 4138 1245 4202 relinquere

195 4205 320 4254 intactam.
