3228 4982
324 453 366 510 56
593 445 699 510 Norn
717 465 759 506 nr
774 445 897 507 Vnum:
915 443 1111 508 anrronns

325 581 399 632 lasso
418 580 556 646 Fiqantnr
573 581 684 644 virides,
701 580 839 632 scalarum
855 580 956 647 pluria,
972 581 1198 647 palma—15.
1224 575 1309 645 Qua]
1328 595 1383 648 quo

325 649 467 718 pertineat,
480 648 559 701 aliter
576 648 692 716 intelligi
708 648 812 718 nequit,
826 647 878 701 uisi
896 650 1027 702 referatur
1044 649 1079 701 ad
1096 649 1240 702 remotiora
1256 666 1336 702 versu
1354 653 1380 712 9,

326 735 400 802 merse
420 735 572 802 sensstsqne.
618 718 698 783 Quae,
718 718 815 787 iuquit,
836 735 932 786 nempe
953 735 1039 801 mens·
1050 736 1208 800 sensusque,
1232 718 1255 771 si
1279 718 1382 801 defecto

327 804 561 910 immid
576 794 644 909 itt
657 787 1263 927 11111111111131111111011
1271 805 1338 922 itt,
1352 804 1385 909 ll

328 927 399 980 inira
409 944 435 979 r.
451 931 509 991 lte,
526 927 665 996 queritur:
687 927 817 980 Sensibus
831 935 966 996 expertem
983 930 1044 996 quis
1059 945 1199 995 superesse
1211 932 1316 995 patet?
1335 927 1382 979 de-

321 999 408 1067 sectis
424 997 551 1050 meandris
565 995 635 1049 malo
654 995 778 1061 scribere,
792 1012 873 1065 quam
892 997 1035 1066 defunctis,
1056 1014 1090 1049 ex
1107 997 1154 1050 illo
1173 995 1309 1049 Martialis
1327 995 1383 1048 xiii.

331 1072 383 1120 77:
412 1067 519 1119 Dulcia
542 1067 649 1136 desecta
672 1067 828 1120 madidetur
851 1069 975 1118 carmina
1003 1067 1097 1135 linqua
1127 1068 1262 1119 Cantator
1286 1083 1385 1134 cycnus

323 1137 438 1206 fitteris
451 1139 509 1204 ipse
521 1138 690 1189 sui—17.
709 1136 769 1188 Nec
780 1138 868 1189 minor
884 1132 942 1202 dis]
956 1135 1058 1188 seilicet
1070 1135 1178 1189 dotibus
1190 1134 1274 1188 animi
1286 1143 1314 1188 et
1326 1142 1384 1188 stu-

332 1205 392 1270 diis,
407 1205 440 1258 de
458 1206 556 1276 quibus
573 1204 753 1259 dixi—le.
778 1206 862 1259 Muta
876 1202 997 1273 placet]
1010 1223 1058 1274 per
1072 1222 1100 1258 se
1117 1205 1215 1274 placet,
1229 1205 1293 1257 licet
1310 1205 1385 1257 nulla

331 1277 474 1328 verborum
492 1281 520 1328 et
537 1274 665 1327 orationis
682 1274 770 1343 gratia
788 1275 937 1342 adjuretur.
976 1273 1106 1328 Similiter
1119 1274 1198 1330 Orid.
1215 1291 1248 1327 ex
1263 1273 1342 1328 Pont.
1356 1274 1385 1328 ii.

334 1349 359 1410 7,
371 1349 415 1408 ⁵2,
427 1347 549 1412 qratiam
561 1353 662 1397 nautam
670 1349 757 1408 vocat,
769 1361 829 1413 qnae
841 1343 916 1396 nulla
927 1344 1113 1412 deprecatione
1125 1361 1174 1413 pro
1187 1343 1272 1396 amico
1282 1342 1384 1397 utitur:

339 1415 430 1482 thlpa
440 1417 537 1481 prame
545 1415 673 1482 precihus
685 1415 803 1466 donamr
819 1431 890 1481 sape
906 1431 1032 1466 suoram:
1058 1415 1154 1467 Omnis
1161 1431 1217 1482 pro
1229 1414 1306 1466 nobis
1317 1431 1385 1480 pra-

333 1487 374 1537 tia
386 1484 651 1553 meanis—19.
677 1483 846 1546 Quinetiam
860 1479 973 1550 virttis]
991 1481 1129 1536 Virtutem
1146 1483 1263 1552 corporis
1278 1490 1306 1535 et
1317 1483 1389 1536 vires

333 1554 403 1607 bene
420 1553 550 1606 exercitas
567 1552 693 1621 intelligi,
713 1567 747 1604 ex
764 1551 937 1622 sequentibus
956 1559 1038 1622 patet.
1081 1551 1212 1606 Alludere
1229 1553 1336 1606 videtur
1353 1552 1388 1605 ad

334 1622 495 1676 sententiam
504 1621 605 1688 Ovidii,
617 1622 680 1675 Am.
692 1621 731 1674 iii.
742 1627 768 1687 8,
779 1627 812 1674 3:
833 1623 975 1689 Inpeniam
987 1624 1230 1693 qnondamfaerat
1236 1625 1388 1690 pretiosius

335 1696 528 1746 asra-21.
547 1692 624 1745 Arcu
640 1695 774 1745 intentare
788 1688 933 1759 sapidas]
947 1691 974 1745 h.
988 1710 1012 1745 e.
1025 1691 1164 1745 intendere
1177 1692 1220 1745 vel
1232 1691 1347 1760 dirigere
1358 1692 1388 1744 iu

335 1762 461 1832 praedm,
476 1779 537 1832 que
548 1761 658 1831 petitur.
695 1763 838 1815 humdere
850 1763 976 1829 rapinas,
992 1762 1064 1832 quod
1078 1763 1149 1815 idem
1163 1768 1212 1827 est,
1228 1761 1296 1814 dixit
1309 1761 1386 1830 virg.

336 1831 401 1887 AEn.
414 1832 450 1884 ix.
464 1836 525 1887 590.
545 1833 682 1885 intendere
696 1833 802 1900 spicula
817 1831 912 1886 Claud.
926 1830 1019 1901 Epith.
1033 1831 1101 1885 Pall.
1115 1849 1140 1885 r.
1153 1836 1197 1884 20.
1217 1831 1287 1884 sicut
1300 1833 1387 1886 inten-

336 1910 397 1955 tare
411 1919 507 1955 manas
525 1901 667 1954 Petronius
686 1917 709 1954 c.
732 1905 791 1966 108,
810 1903 919 1955 strictos
932 1902 1041 1969 pladios
1059 1901 1135 1955 Suet.
1152 1901 1222 1954 Caes.
1235 1918 1259 1954 e.
1276 1905 1390 1954 14.—

333 1975 378 2024 28.
403 1971 524 2024 Canibus
544 1973 713 2025 circumdare
733 1967 846 2037 saltus]
866 1971 970 2040 phrasis
986 1969 1145 2039 Virgiliana,
1168 1970 1229 2024 Ecl.
1250 1987 1276 2024 x.
1297 1976 1341 2036 57,
1362 1977 1391 2023 et

338 2040 439 2110 Georg.
452 2040 471 2095 i.
487 2045 545 2094 140.
565 2057 645 2110 quem
657 2039 779 2110 seqnitur
791 2039 969 2108 Nemesianus
987 2039 1056 2109 Cyn.
1070 2058 1095 2093 r.
1109 2045 1180 2094 303:
1205 2042 1295 2094 Linea
1309 2041 1388 2108 qain-

337 2113 429 2176 etiasn,
442 2127 555 2179 mapnos
566 2113 735 2164 circumdare
746 2110 834 2163 saltas
853 2111 920 2172 Qua
933 2113 1032 2179 possit,
1051 2111 1224 2179 volucresque
1238 2119 1308 2163 meta
1325 2128 1389 2163 can·

336 2181 445 2234 cludere
481 2183 695 2234 radas—25.
711 2176 903 2247 Paloestram,]
920 2179 945 2232 h.
961 2198 985 2234 e.
1000 2180 1101 2233 luctam
1114 2187 1142 2233 et
1153 2180 1315 2249 pugilatum,
1330 2197 1392 2249 quae

335 2249 435 2302 versari
466 2250 554 2315 citur,
569 2249 639 2319 quod
650 2256 756 2302 versato
768 2248 797 2300 in
809 2267 901 2302 omnes
913 2257 1003 2318 partes
1021 2256 1048 2302 et
1066 2249 1151 2303 flexus
1166 2267 1286 2319 corpore,
1301 2251 1390 2317 jacta-

336 2318 424 2389 tisque
444 2319 560 2372 brachiis
577 2325 723 2372 exercetur.
749 2320 864 2371 madida
882 2319 981 2371 dicitur
999 2319 1124 2388 palestra
1142 2326 1252 2388 propter
1269 2319 1390 2383 sudores,

335 2395 394 2442 tum
407 2388 478 2458 quod
490 2388 550 2440 oleo
562 2395 643 2440 uncta
655 2403 774 2456 corpora,
791 2389 863 2440 unde
881 2394 909 2440 et
925 2397 1007 2440 ancta
1026 2395 1053 2441 et
1071 2391 1161 2441 nitida
1179 2388 1265 2458 poetis
1284 2388 1391 2442 dieitur.

336 2473 390 2540 qap
406 2463 529 2526 spectant
542 2456 624 2510 etiam
636 2458 741 2510 lubrica
753 2457 872 2509 membra
885 2474 911 2510 r.
925 2462 1063 2512 s—26.
1092 2459 1184 2524 Toris,
1200 2459 1219 2512 i.
1233 2476 1256 2512 e.
1273 2459 1392 2522 lacertis,

337 2543 384 2596 qm
395 2543 538 2580 nervorum
550 2526 704 2595 ligamentis
720 2533 747 2580 et
762 2525 839 2579 nodis
853 2526 952 2592 valent,
968 2526 1047 2582 Ovid.
1062 2526 1125 2581 Am.
1139 2528 1167 2581 ii.
1184 2533 1225 2593 18,
1240 2534 1272 2581 9:
1293 2529 1391 2595 Impli-

337 2599 445 2667 cns'tque
461 2614 525 2651 snos
542 2599 642 2650 circum
659 2615 720 2650 mea
738 2597 809 2650 colla
827 2598 1068 2651 lacertos—28.
1090 2599 1206 2667 Traqici
1217 2594 1329 2664 cantas]
1342 2598 1394 2650 hoe

373 2722 411 2764 14.
427 2719 462 2764 Et
472 2719 545 2764 sterni
555 2719 639 2777 timae
651 2717 682 2764 V.
700 2716 732 2764 R.
750 2716 794 2763 Gr.
810 2716 839 2762 L.
858 2716 889 2762 G.
907 2715 954 2762 Pu.
976 2717 1012 2763 Et
1022 2718 1079 2762 data
1089 2723 1144 2762 snnt
1154 2718 1238 2777 linpua
1252 2716 1284 2763 Α.
1300 2714 1340 2764 Pi.
1358 2716 1390 2763 0.

338 2789 363 2830 et
376 2780 528 2828 recentiores
546 2781 644 2842 premia
656 2787 726 2840 arma
738 2780 770 2826 V.
788 2780 819 2826 R.
837 2779 869 2826 G.
886 2779 933 2826 Pu.
951 2795 989 2840 pr.
1004 2781 1077 2840 dipsa
1091 2781 1122 2826 Α.
1140 2779 1178 2826 Pi.
1197 2781 1228 2828 0.
1245 2788 1270 2826 et
1283 2779 1313 2827 al.
1352 2784 1391 2827 15.

347 2847 403 2901 One
414 2861 464 2892 cern
474 2846 568 2906 desectis
582 2844 613 2892 R.
631 2843 674 2892 Gr.
688 2844 719 2890 L.
736 2842 783 2890 Ριι.
800 2841 839 2890 Pi.
858 2845 974 2904 &sanetis
986 2843 1018 2890 V.
1035 2844 1065 2889 A.
1084 2843 1115 2890 0.
1129 2851 1154 2891 et
1165 2843 1196 2890 al.
1235 2848 1272 2892 18.
1294 2845 1350 2898 Qua
1361 2845 1397 2890 sel

340 2911 363 2956 si
374 2911 440 2964 desit,
451 2917 531 2956 cetera
545 2909 617 2956 multa
629 2909 722 2970 placent
733 2906 765 2954 V.
783 2906 826 2954 Gr.
851 2908 907 2962 Qua
923 2907 981 2953 mili
996 2909 1018 2954 si
1033 2910 1099 2964 desit,
1116 2924 1135 2954 c.
1149 2925 1178 2954 ns.
1195 2909 1288 2970 placent
1307 2909 1338 2955 R.
1360 2907 1391 2954 L.

349 2974 494 3030 Qaoe,ce1si
508 2975 583 3020 desint
596 2979 643 3020 coet.
663 2974 743 3028 malta,
753 2973 836 3034 pluam
858 2971 905 3018 Pu.
926 2970 965 3018 Pi.
985 2972 1016 3019 0.
1034 2977 1060 3019 et
1074 2971 1105 3018 al.
1125 2988 1180 3034 quae
1196 2971 1284 3019 rectior
1298 2971 1395 3018 videtur

341 3037 422 3086 lectio.
454 3037 588 3086 Witholius
598 3035 624 3084 in
638 3035 738 3084 Encsen.
755 3035 816 3084 Crit
830 3051 855 3096 p.
870 3040 925 3084 298.
945 3035 1025 3083 adhuc
1036 3034 1137 3098 corrigit
1155 3037 1226 3091 Qum
1244 3037 1310 3084 celsi
1320 3038 1396 3082 desint

342 3109 430 3158 cetera,
441 3109 504 3148 mata
512 3103 594 3164 placet,
606 3116 663 3148 sane
677 3100 808 3162 eleganter,
821 3115 879 3146 curn
895 3107 968 3160 poeta
983 3107 1040 3146 ante
1055 3100 1196 3147 facultatem
1212 3116 1282 3146 suam
1298 3097 1396 3148 dicendi

339 3165 474 3224 iactaverit.
508 3164 556 3212 Sed
566 3173 623 3212 ante
635 3163 782 3211 Withofium
793 3163 827 3210 sie
837 3162 992 3210 scribendum
1004 3168 1108 3222 jusserat
1122 3163 1246 3219 Barthius,
1261 3163 1323 3211 Adv.
1337 3162 1395 3210 xvii.

345 3233 382 3276 11.
405 3228 533 3277 consentit
543 3229 572 3275 P.
586 3228 745 3274 Burmannus
753 3227 779 3272 in
790 3225 854 3273 notis
865 3225 895 3271 ad
910 3227 962 3273 Cat.
980 3226 1062 3281 Diras,
1077 3227 1179 3273 Anthol.
1194 3225 1240 3273 rol.
1256 3226 1281 3274 ii.
1297 3242 1321 3287 p.
1336 3231 1392 3275 651.

343 3296 382 3338 21.
405 3292 520 3338 Duorum
535 3289 691 3352 sequentium
707 3288 802 3336 distich.
819 3289 954 3335 hexametri
968 3288 1026 3344 alio,
1040 3304 1068 3335 sc
1086 3304 1129 3335 nos
1145 3289 1254 3344 fecimus,
1269 3289 1355 3337 ordine
1369 3290 1396 3338 in

342 3353 449 3416 vulgetis
469 3351 599 3416 plerisque,
615 3360 671 3399 tum
688 3359 713 3399 et
731 3351 757 3398 in
775 3351 828 3398 cod.
845 3351 973 3407 Vossiano,
989 3351 1147 3408 collocantur,
1163 3351 1205 3407 ita,
1219 3360 1248 3399 ut
1264 3353 1308 3414 qui
1325 3353 1397 3402 nobis

343 3433 426 3464 versus
437 3421 465 3464 21
479 3424 523 3472 est,
533 3416 559 3464 in
571 3415 623 3464 istis
634 3415 666 3464 sit
677 3414 806 3463 vicesimus
815 3414 911 3472 tertius,
922 3415 965 3462 ubi
975 3422 1057 3462 tamen
1069 3415 1175 3476 appositi
1184 3416 1305 3464 breviores
1313 3432 1399 3465 versus

343 3481 490 3530 hexametris
501 3480 551 3528 suis
561 3497 610 3528 non
621 3479 680 3528 satis
689 3482 751 3528 bene
762 3478 915 3540 respondent.
954 3480 1036 3536 Quem
1050 3495 1094 3528 nos
1109 3479 1262 3541 praetulimus
1276 3480 1399 3538 ordinem,

344 3546 498 3594 constituunt
509 3545 561 3594 cod.
579 3546 610 3593 rt
627 3546 670 3594 Gr.
685 3553 710 3594 et
722 3546 752 3593 L.
767 3551 822 3592 turn
833 3543 890 3592 edit.
905 3550 975 3592 retus
991 3545 1021 3592 G.
1041 3545 1124 3593 Ριι1ιιι.
1142 3553 1167 3593 et
1184 3545 1250 3593 Pith.
1274 3562 1332 3592 arcu
1347 3553 1397 3593 ten-

344 3619 395 3658 tare
411 3610 448 3660 rel
464 3618 572 3674 tenptars
589 3617 684 3672 ponunt
700 3625 866 3672 omnesquae
881 3610 966 3666 haheo,
980 3608 1064 3670 scripti
1080 3617 1105 3657 et
1121 3609 1212 3666 excusi,
1230 3625 1280 3657 uno
1296 3617 1400 3670 exeepto

346 3675 442 3724 Luneb.
463 3675 507 3738 qui
522 3677 656 3736 intempeste
671 3676 752 3730 hahet,
764 3673 829 3750 quod
841 3687 927 3720 verum
943 3681 968 3720 et
983 3673 1120 3736 genuinum
1136 3689 1187 3721 esse
1202 3682 1271 3734 puto,
1283 3673 1400 3734 adjuncta

344 3739 438 3802 syllaba
448 3742 473 3786 is
485 3739 652 3799 imprudenter
662 3754 677 3785 a
687 3737 792 3785 librariis
802 3737 897 3784 omissa.
919 3736 976 3784 Vid.
991 3745 1041 3785 not.
1083 3743 1123 3785 28.
1141 3741 1251 3798 Rapicos
1261 3738 1300 3784 vel
1311 3740 1402 3799 tropico

345 3811 415 3850 canta
434 3819 571 3866 exsuperare
589 3805 656 3850 melos
677 3801 730 3849 cad.
755 3802 824 3848 Voss.
846 3801 877 3848 R.
902 3801 945 3848 Gr.
974 3809 1043 3848 canta
1059 3803 1243 3848 tetricos-melas
1260 3802 1290 3849 L.
1317 3810 1400 3849 cantus

345 3883 424 3930 excep.
444 3869 511 3914 malm
524 3867 556 3915 G.
593 3866 641 3915 Sed
651 3868 703 3914 hseo
714 3866 777 3913 male
788 3864 930 3912 consistunt.
967 3864 1058 3925 Aptius
1069 3865 1100 3912 ad
1114 3880 1212 3912 sensum
1225 3873 1294 3921 esset,
1309 3865 1329 3912 si
1344 3869 1401 3913 melo

346 3931 503 3980 inveniretur.
547 3932 613 3978 Nam
629 3933 695 3978 hunc
713 3946 796 3978 casum
813 3937 910 3977 sextum
927 3930 958 3976 ab
978 3928 1097 3977 inferioris
1114 3928 1158 4003 sevi
1176 3928 1336 3989 scriptoribus
1351 3931 1399 3976 fre-

346 3993 1400 4120 ttit‘tat¹2¹ttitt‘ttttldttlti..ltl‘·.¹:·..⁴.⁹.⁶.·.t⁰¹.¹¹.·.th¹ih.lf..lltt

346 4125 377 4172 ab
391 4120 539 4170 Ascensians
549 4122 607 4172 edit.
619 4123 645 4171 in
656 4137 740 4170 omnes
751 4121 879 4183 impressos
890 4120 1011 4184 migravit.
