3228 4982
348 501 409 561 102
618 493 725 562 Noun
740 514 783 560 nr
799 495 921 560 Virum
937 495 1131 560 Lacrrouss

344 635 441 687 sentiri
458 634 568 686 sarcina
587 633 664 685 nulla
677 640 778 700 potest.
817 631 872 685 Seu
892 631 1007 686 Sanctus
1026 648 1107 686 carm.
1126 630 1222 686 Bucol.
1240 647 1266 686 v.
1289 629 1398 685 102Et

345 705 436 758 diuisa
449 706 536 756 minus
549 705 660 755 sarcina
669 703 712 768 fit
725 705 946 770 pravis—75.
965 703 1030 756 Nun
1042 710 1084 756 cst
1094 703 1233 770 wlprandu
1245 697 1395 770 uoluntas]

346 773 425 828 Ovid.
439 791 471 827 ex
485 774 563 826 Pont.
577 771 615 826 iii.
630 778 656 838 4,
672 778 721 826 79:
749 774 786 825 Ut
797 775 886 826 desint
898 775 970 826 vires
983 781 1072 826 tamen
1089 781 1130 826 est
1146 773 1287 825 laudanda
1301 773 1395 826 uolun-

345 849 513 897 tas—76.
532 844 649 896 Judicor
662 840 782 912 inseiis]
812 843 920 895 Petrou.
935 860 958 896 c.
975 847 1040 896 134:
1061 843 1210 911 Nunquam
1223 851 1251 895 tu
1263 841 1398 896 homiuem

345 922 401 967 tam
414 915 547 996 infelicem
559 915 662 978 uidisti,
675 921 726 966 etc.
740 912 956 966 inielioesvocari
968 913 1063 977 solent,
1079 912 1176 982 quibus
1184 913 1278 966 Venus
1290 930 1343 966 nou
1357 919 1399 966 est

344 984 585 1053 propitia-77.
602 984 732 1054 Confecta
745 986 799 1036 situ
812 984 863 1036 tibi
875 992 909 1036 tr.
924 980 1029 1050 arma]
1050 982 1149 1036 Tibull.
1162 982 1180 1036 i.
1193 987 1234 1048 10,
1243 987 1294 1036 50:
1316 983 1397 1037 Tris·

345 1057 386 1107 tia
399 1056 463 1106 duri
475 1055 579 1107 Militis
592 1055 620 1106 in
633 1055 748 1107 tenebris
761 1061 876 1121 occupat
887 1071 966 1106 arma
978 1056 1055 1106 situs.
1094 1052 1173 1107 Ouid.
1187 1052 1261 1106 Fast.
1275 1051 1310 1106 iv.
1325 1057 1395 1106 928:

344 1126 478 1194 Inquiuat
489 1142 568 1176 arma
581 1127 774 1177 situs.-·-81.
794 1125 916 1191 Arpinas
929 1126 1046 1192 turpiter
1055 1119 1154 1190 artes]
1176 1122 1296 1188 Graecas,
1309 1122 1397 1176 Thes·

345 1195 449 1259 saliens,
463 1194 590 1262 magicas,
605 1194 740 1258 veneficia,
759 1193 945 1258 medicamina,
961 1193 1058 1263 quibus
1075 1200 1102 1246 et
1118 1191 1250 1246 fascinum
1266 1200 1395 1260 avertere,

345 1271 373 1318 et
390 1265 505 1318 excitare
522 1264 696 1334 languentem
714 1264 847 1317 Venerem
864 1263 996 1316 volebant.
1033 1262 1167 1333 Exempla
1182 1263 1283 1332 passim
1299 1262 1397 1332 legun·

345 1343 399 1389 tur.
438 1334 538 1388 Tibull.
558 1335 576 1386 i.
596 1340 622 1398 2,
643 1339 677 1386 42
696 1351 768 1404 seqq.
788 1339 863 1399 8,17
883 1351 955 1404 seqq.
993 1333 1072 1387 Ovid.
1093 1333 1129 1387 A.
1148 1333 1184 1387 A.
1203 1333 1231 1387 ii.
1252 1339 1304 1387 415
1322 1351 1351 1386 se
1370 1351 1396 1404 q.

346 1405 454 1458 Patron.
468 1422 491 1458 c.
508 1409 565 1458 138.
593 1405 750 1458 Hemoniae
763 1413 837 1457 artes
847 1411 925 1457 vocat
937 1403 1016 1457 Ovid.
1031 1402 1065 1455 A.
1079 1403 1114 1457 A.
1127 1403 1156 1458 ii.
1170 1409 1330 1457 99.—-83.
1372 1413 1399 1458 st

344 1476 392 1528 ubi
410 1476 457 1528 dii.
472 1477 609 1543 persensit
619 1475 725 1543 funera
742 1471 877 1542 membri]
906 1472 1047 1542 Expressit
1066 1473 1144 1527 Ovid.
1165 1473 1228 1528 Am.
1247 1473 1285 1527 iii.
1307 1479 1332 1539 7,
1354 1479 1396 1528 75.

345 1544 415 1598 Ibid.
428 1562 453 1598 v.
467 1551 517 1597 65:
537 1546 643 1598 Nostra
654 1553 742 1598 tamen
746 1546 863 1612 jacuere
875 1545 948 1598 velut
950 1552 1119 1612 premortua
1132 1545 1260 1597 membra.
1287 1543 1396 1598 Petron.

345 1633 369 1667 c.
386 1619 435 1667 129
446 1635 452 1668 s
466 1616 607 1668 Funerata
620 1623 739 1683 estpars
752 1617 802 1667 itta
815 1617 947 1683 corporis,
962 1631 1017 1682 qua
1030 1616 1166 1683 quondum
1175 1614 1300 1668 Achillas
1311 1633 1396 1670 eram.

347 1685 426 1739 Couf.
446 1703 527 1753 supra
545 1685 623 1754 Eleg.
643 1685 661 1737 i.
684 1690 858 1739 ltu—84.
882 1686 941 1738 Nec
959 1686 1032 1737 velut
1049 1687 1200 1753 sepositum
1218 1703 1240 1738 s.
1259 1703 1284 1740 o.
1304 1680 1395 1753 onus]

345 1755 535 1824 Desperatum,
551 1756 685 1823 abjectum
702 1763 729 1808 et
745 1755 903 1808 derelictum
921 1755 978 1808 sine
995 1772 1042 1823 spe
1059 1755 1162 1810 salutis.
1182 1755 1294 1808 ductum
1310 1772 1327 1807 a
1343 1755 1399 1810 ritu

346 1825 497 1895 exponendi
515 1843 600 1894 aegros
613 1834 640 1879 et
653 1825 764 1879 afflictos
776 1826 805 1878 in
818 1825 918 1895 templo
928 1824 1087 1894 AEsculapii,
1102 1826 1179 1894 cujus
1191 1825 1315 1878 meminit
1328 1824 1398 1880 Sue·

346 1904 402 1950 ton.
418 1896 515 1952 Claud.
530 1913 553 1950 o.
566 1901 610 1950 25.
648 1896 710 1950 Hoc
726 1913 808 1949 sensu
823 1896 922 1949 iterum
934 1895 1044 1948 adhibet
1055 1902 1147 1948 noster
1158 1913 1183 1948 v.
1200 1899 1266 1961 1033
1286 1895 1334 1949 sed
1351 1895 1399 1967 qui

346 1973 444 2035 praeter
461 1967 539 2020 illum
557 1966 595 2020 sic
613 1966 719 2031 dixerit,
738 1966 793 2020 seio
805 1966 949 2020 neminem.
987 1965 1044 2018 Alii
1062 1964 1179 2018 Romani
1195 1967 1332 2034 depositos
1349 1983 1398 2020 vo-

347 2042 409 2090 cant
422 2038 582 2106 desperatos,
598 2043 625 2090 et
637 2036 762 2090 alludunt
779 2037 812 2090 ad
824 2037 907 2090 ritum
919 2036 1068 2101 funebrem,
1084 2053 1137 2106 quo
1149 2035 1303 2089 moribundi
1315 2037 1397 2106 depo·

347 2109 481 2160 nebantur
501 2107 528 2159 in
551 2114 630 2174 terra,
654 2114 685 2160 ut
704 2113 854 2160 extremum
876 2107 1000 2175 spiritum
1021 2105 1162 2159 redderent
1183 2114 1270 2172 terrm,
1292 2113 1320 2160 et
1339 2115 1399 2160 tum

347 2177 508 2231 conclamari
520 2177 630 2232 solebat.
658 2178 703 2232 Sic
716 2176 793 2246 Virg.
805 2177 869 2230 AEn.
883 2177 929 2232 xii.
943 2182 1011 2230 395:
1027 2179 1080 2230 Ille
1092 2185 1123 2230 ut
1134 2179 1253 2245 depositi
1256 2178 1401 2248 proferret

338 2249 408 2318 fata
416 2251 553 2316 parentis,
568 2255 634 2313 etc.;
655 2256 682 2302 et
695 2247 774 2302 Ouid.
788 2265 821 2300 ex
834 2247 951 2301 Pontii.
965 2252 991 2314 2,
1003 2252 1054 2300 47:
1074 2249 1140 2301 Jam
1148 2266 1238 2316 prope
1248 2249 1397 2316 depositus,

347 2327 418 2371 certe
421 2319 485 2386 jum
489 2318 626 2387 sriptum,
641 2335 710 2387 repre
725 2319 857 2372 Servatus
864 2335 920 2386 per
932 2327 966 2384 te,
981 2320 1096 2372 simodo
1108 2335 1210 2383 servor,
1225 2335 1280 2372 ero.
1317 2319 1399 2385 Quod

346 2387 464 2456 vulgatae
477 2388 553 2444 editt.
568 2389 676 2453 habent,
691 2406 758 2456 opus
775 2388 883 2440 defendi
895 2388 1003 2458 quidem
1021 2395 1110 2457 potest
1123 2405 1156 2440 ex
1168 2405 1193 2441 v.
1207 2392 1251 2441 56.
1267 2388 1314 2441 sed
1326 2388 1400 2442 omni

347 2458 449 2510 ratione
462 2458 550 2526 aptius
562 2458 724 2527 graviusque
742 2458 856 2524 videtur,
871 2459 943 2530 quod
957 2458 998 2512 Cl.
1014 2458 1193 2512 Ommerenus
1207 2459 1264 2525 jam
1283 2458 1397 2524 censuit,

347 2547 422 2594 anus,
437 2528 455 2582 i.
465 2545 488 2582 e.
498 2535 634 2594 truncum,
645 2528 772 2592 inanime,
786 2528 923 2583 immobile
936 2546 1041 2598 corpus.
1068 2528 1237 2582 Confirmant
1245 2529 1297 2582 hoc
1309 2529 1400 2598 plures

347 2599 486 2664 dictiones,
501 2617 567 2668 quas
580 2598 694 2653 Ovidius
712 2600 740 2652 in
753 2599 850 2668 Elegia
868 2599 967 2668 saepius
984 2599 1068 2652 citata
1085 2605 1198 2668 usmpat
1216 2613 1297 2669 quam
1315 2607 1400 2652 totam

347 2669 464 2738 respexit
484 2676 511 2722 et
530 2669 651 2722 imitatus
670 2677 711 2724 est
728 2670 772 2722 hic
789 2670 928 2739 improbus
946 2678 1070 2738 nugator,
1091 2676 1123 2722 ut
1140 2687 1166 2722 v.
1187 2674 1220 2722 4:
1251 2671 1308 2723 Sed
1317 2671 1401 2739 jacui

342 2743 428 2807 pipro
440 2742 540 2792 crimen
553 2757 670 2809 anusque
684 2749 751 2805 toro,
767 2747 794 2793 et
806 2758 830 2793 v.
849 2745 889 2805 15,
907 2745 953 2793 16:
978 2741 1102 2793 Truncus
1115 2741 1187 2793 iners
1190 2740 1282 2808 jacui,
1297 2742 1401 2809 specics

350 2818 377 2863 et
395 2811 489 2862 inutile
502 2813 622 2877 sipnum:
641 2811 701 2863 Nec
719 2813 788 2864 satis
808 2818 940 2874 exactum,
955 2828 1053 2877 corpus
1066 2828 1102 2862 an
1120 2811 1216 2863 umbra
1225 2811 1401 2880 sarem-

348 2885 391 2933 89.
411 2881 603 2932 Lacrimarnm
619 2883 727 2949 purpite
739 2877 797 2950 pL]
818 2880 929 2949 Frigida
944 2880 1099 2950 hyperbole,
1114 2896 1194 2950 quam
1212 2898 1267 2932 nou
1283 2889 1349 2949 puto
1366 2882 1400 2935 ab

348 2950 400 3003 alio
414 2950 555 3004 meliorum
567 2959 706 3020 poetarum
720 2958 885 3020 usurpatam.
924 2951 1034 3016 Quanto
1046 2949 1193 3003 modestius
1206 2950 1320 3004 Ovidius
1330 2947 1399 3006 Met.

348 3021 384 3074 xi.
398 3027 450 3074 655
461 3040 466 3074 :
489 3021 529 3074 Et
539 3020 675 3075 humectat
689 3022 865 3074 lacrimarum
876 3023 1004 3089 pramina
1017 3022 1085 3086 rivo,
1100 3019 1180 3089 idque
1192 3020 1221 3073 in
1234 3019 1332 3087 fabula,
1348 3039 1402 3092 qua

348 3091 449 3161 Byblin
461 3091 490 3144 in
502 3091 603 3143 fontem
616 3097 748 3144 mutatam
760 3098 859 3144 narrat.
903 3092 1045 3158 Gurpr'tem
1058 3108 1186 3144 curarum
1198 3091 1270 3143 idem
1287 3091 1355 3144 dixit
1367 3107 1401 3144 ex

349 3161 427 3215 Pont.
442 3161 460 3214 i.
474 3167 500 3226 3,
518 3166 558 3226 13,
574 3161 658 3214 solam
670 3162 775 3230 copiam
787 3169 814 3215 et
830 3160 1026 3230 perennitatem
1042 3161 1321 3230 significans—92.
1340 3162 1399 3214 Lu-

348 3232 465 3298 dificare
477 3231 584 3283 videtur
596 3249 653 3284 esse
665 3232 694 3284 in
706 3231 800 3284 ludum
817 3240 928 3297 vertere,
942 3231 1073 3284 lacessere
1089 3248 1137 3300 per
1153 3231 1248 3284 ludum
1260 3238 1288 3284 et
1299 3231 1400 3288 fallere.

347 3306 461 3354 -96.
474 3301 602 3368 Percipit
612 3299 717 3369 obrem]
732 3302 847 3366 assidua,
854 3317 965 3370 pernox,
978 3307 1035 3354 tota
1043 3308 1122 3354 nocte
1132 3301 1400 3372 officiosaobscquir‘s,

382 3503 419 3551 71.
439 3501 509 3549 Nunc
520 3509 603 3564 spumet
614 3501 645 3548 L.
665 3503 728 3549 Tunc
740 3517 779 3564 ayo
790 3502 817 3549 ds
829 3507 874 3548 toto
888 3500 920 3548 G.
940 3507 985 3548 toto
994 3503 1081 3548 nudato
1092 3517 1152 3564 carp.
1166 3503 1198 3550 V.
1216 3502 1259 3551 Gr.
1295 3502 1332 3550 73.
1346 3501 1402 3548 Heu

348 3583 411 3614 senes
425 3566 456 3614 R.
502 3569 541 3615 ts.
556 3569 595 3615 Me
604 3570 656 3615 dico
666 3569 773 3614 miserum
783 3583 829 3613 non
840 3573 873 3613 est
883 3567 998 3628 culpanda
1009 3568 1120 3628 uoluptas.
1136 3566 1167 3614 G.
1189 3581 1274 3614 omnes
1285 3572 1402 3626 preterea

348 3630 406 3678 libri
418 3629 529 3678 scribunt
540 3634 650 3693 uoluptas.
676 3629 718 3678 sed
729 3633 833 3679 voluutas
843 3629 963 3677 sententia
974 3630 1085 3692 requirit.
1128 3633 1165 3680 76.
1193 3632 1352 3692 Venditarinji
1366 3629 1398 3676 V.

351 3697 395 3744 Gr.
419 3697 526 3742 Venditor
539 3696 570 3743 G.
606 3697 643 3745 77.
657 3697 698 3742 En
707 3697 774 3756 bruya
783 3698 884 3757 conficta
893 3696 987 3742 stanti
999 3697 1190 3742 credimusarma
1206 3695 1237 3743 G.
1273 3695 1401 3755 780181)-

344 3777 376 3822 pe
387 3761 463 3806 ditata
474 3762 537 3807 auis.
554 3759 585 3808 G.
632 3763 669 3808 79.
684 3761 959 3822 Fasquacunquepates.
985 3761 1152 3807 tibicredimus
1162 3759 1355 3820 hactamcuipsc
1369 3757 1400 3806 G.

347 3827 391 3871 titt
400 3825 512 3871 cessimus.
527 3824 557 3871 V.
574 3825 604 3872 R.
621 3824 663 3871 Gr.
678 3824 707 3871 L.
726 3825 763 3870 lic
774 3831 848 3870 tamen
861 3825 908 3884 ipsc
920 3823 950 3870 L.
992 3827 1030 3870 81.
1044 3825 1156 3870 Protinus
1167 3831 1269 3886 arpenas.
1285 3822 1316 3871 G.
1359 3826 1398 3870 82.

350 3891 390 3935 Me
400 3890 460 3949 cepit
472 3889 503 3936 V.
524 3889 568 3937 Gr.
606 3892 643 3936 83.
661 3890 778 3936 Persenait
788 3888 827 3934 vel
834 3890 946 3950 pracepit
958 3887 989 3936 V.
1009 3887 1136 3948 presensit
1150 3889 1180 3936 R.
1216 3893 1254 3936 84.
1272 3887 1335 3934 Vidit
1345 3903 1402 3948 opus

348 3967 433 4062 Vpdes
444 3952 545 4066 qtuidgrp
555 3951 613 4065 lipsi
624 3954 722 4064 bpnb‘ept,
734 3951 845 4064 sedpnul:
854 3960 879 4029 et
888 3959 957 4062 perta
968 3949 1401 4078 eppgffiturzgemppbzrdupspuzepi.

376 4031 471 4064 1.no.
540 4035 640 4066 ‚acm
689 4034 758 4064 arec.
798 4051 804 4064 .
846 4032 952 4063 nmaca
1055 4052 1061 4064 .
1131 4051 1137 4063 .
1187 4033 1214 4064 oo
1246 4031 1275 4062 ve
1308 4032 1335 4063 ou
1394 4049 1401 4064 .

348 4088 411 4128 sanet
426 4081 456 4128 G.
502 4085 541 4131 87.
563 4085 702 4130 Faustorum
713 4089 738 4129 et
743 4084 857 4145 ⁸festorum
869 4079 898 4128 L.
942 4034 1089 4130 dpleeiieioe
1099 4083 1231 4143 diuitiaeque
1242 4081 1273 4128 L.
1288 4079 1317 4129 P.
1362 4083 1400 4130 89.

356 4147 570 4214 Quoaudeiectum
583 4147 614 4194 G.
640 4146 923 4209 dejcotamveldenrctam
935 4145 966 4192 V.
986 4147 1090 4192 dilectam
1104 4145 1135 4194 ll.
1180 4150 1220 4195 94.
1239 4145 1400 4196 Trtutttaeta-

348 4212 451 4273 titiaquc
463 4209 493 4258 L.
530 4215 568 4260 96.
583 4213 669 4268 Astatia
679 4213 770 4270 uternis
782 4211 814 4258 V.
829 4209 872 4257 Gr.
893 4212 979 4258 Astuus
990 4211 1092 4257 interius.
1107 4210 1137 4257 G.
