3228 4982
514 503 727 569 Mnxnumno
752 507 935 570 Annium.
1205 513 1247 572 27

662 691 791 749 NOTAE

201 773 318 838 Quibus
333 772 476 828 variantes
490 772 569 829 lectt.
585 771 719 829 codicum
736 777 821 846 mspt.
838 779 867 829 et
888 772 1049 829 editionum
1067 779 1247 830 vetustarum

520 879 524 887 ,
549 850 723 906 Maximiani
737 851 899 925 signantur.

240 961 277 1018 V.
299 963 401 1021 Codex
414 961 581 1028 Vossianus,
598 961 719 1017 collatus
733 979 800 1017 cum
815 961 948 1036 exemplo
963 962 1117 1020 Pithoeano
1131 965 1161 1020 in
1177 963 1247 1039 Epi-

280 1060 372 1117 gram.
387 1048 416 1097 et
430 1040 531 1098 Poem.
546 1047 603 1096 vet.

241 1150 569 1291 ΕΡΒᾳῐείιξὲἒῆαηιιε,
593 1149 715 1207 collatus
738 1169 805 1206 cum
830 1150 898 1207 edit.
924 1151 1041 1220 Catulli,
1068 1153 1134 1209 Tib.
1160 1153 1247 1228 Prop.

307 1249 373 1287 ans.
471 1271 478 1287 .

240 1341 275 1399 L.
297 1339 370 1398 Cod.
389 1339 622 1414 Luneburgicus‚
645 1338 752 1397 saeculo
774 1338 840 1395 XV.
862 1347 986 1397 exeunte
1006 1343 1139 1416 scriptus,
1161 1361 1248 1417 quem

280 1420 407 1494 possidet
420 1419 445 1475 Ι.
457 1419 496 1477 Ν.
513 1419 666 1476 Niclasius.

241 1531 309 1589 GR.
331 1530 483 1587 Variantes
497 1531 590 1605 ignoti
609 1529 718 1586 codicis
736 1529 868 1604 exemplo
888 1529 1015 1586 Cornelii
1035 1531 1113 1588 Galli
1133 1532 1247 1589 Grono-

281 1611 366 1666 viano
381 1610 543 1683 adscripta.

241 1722 279 1780 G.
302 1722 400 1779 Editio
415 1721 589 1777 Maximiani
603 1727 717 1778 vetusta
732 1721 916 1778 Germanica.

241 1834 280 1890 A.
302 1804 402 1889 Editiu
413 1831 587 1888 Maximiani
602 1829 708 1909 (Corn.
724 1830 816 1906 Galli)
831 1831 1019 1887 Ascensiana.
1055 1830 1145 1887 Paris.
1163 1834 1249 1890 1503.

240 1943 276 2000 Β.
298 1944 433 2019 Antiqua
446 1942 617 1999 Basileensis
633 1960 686 2016 per
699 1941 793 1998 Henr.
809 1941 938 1999 Petrum.
956 1945 1042 2001 1530.
1057 1947 1124 2000 8v0.

242 2055 296 2112 Pu.
318 2055 418 2112 Editio
438 2054 611 2111 Maximiani
631 2054 843 2110 Pulmanniana
860 2062 926 2129 post
940 2055 1088 2112 Catullum
1103 2062 1133 2111 et
1146 2054 1248 2111 Tibul-

279 2135 350 2190 lum.
366 2136 509 2208 Antverp.
527 2138 613 2193 1569.
631 2136 726 2189 lssmo.

242 2245 286 2301 Pi.
308 2246 463 2302 Pithoeana
477 2247 506 2300 in
522 2244 623 2320 Epigr.
638 2251 667 2301 et
682 2243 782 2300 Poiim.
797 2251 853 2301 vet.

242 2355 279 2413 Ο.
301 2357 382 2414 Inter
396 2357 519 2448 Erotica
529 2364 558 2414 et
572 2357 672 2413 Amat.
687 2354 798 2430 Opusc.
814 2355 914 2414 Ovidii
928 2374 946 2413 a
959 2356 1102 2415 Goldasto
1116 2357 1202 2414 edita.
