3228 4982
362 473 383 529 6
686 463 805 527 onris
827 465 1030 527 Saturnusue
1048 483 1111 526 nx·

363 640 428 701 ger,
436 627 468 680 et
477 616 620 680 universe
630 612 759 700 quidem
770 613 900 678 Gallum
910 623 1070 677 auctorem
1079 611 1235 696 denegare
1247 612 1365 697 Elegiis
1373 613 1416 677 is·

363 703 402 767 tis
412 726 475 766 non
484 702 616 776 videtur,
627 700 683 763 sed
691 711 816 764 tantum
825 700 866 762 de
874 721 938 762 una
949 697 1162 774 subdubitare,
1173 699 1206 761 in
1219 723 1282 786 qua
1293 701 1417 763 canitur

365 788 526 874 Aquilina,
539 809 635 873 quam
650 785 727 849 dicit
740 785 875 850 hominis
890 807 958 848 esse
973 785 1095 848 Graccae
1107 784 1290 849 litteraturae
1303 785 1414 868 ignari,

365 884 397 936 et
412 896 507 959 quem
523 872 601 935 ratio
616 870 732 954 fugerit
747 870 945 956 syllabarum.
989 870 1081 953 (Vid.
1093 870 1314 952 Testimonia.)
1352 871 1416 934 Sed

365 982 464 1044 quum
478 958 564 1021 idem
575 957 685 1020 vitium
701 956 734 1019 in
750 956 870 1020 caeteris
887 955 1004 1038 Elegiis
1016 957 1205 1031 observetur,
1218 979 1281 1019 non
1293 956 1419 1019 videtur

368 1044 507 1126 Scaliger
521 1042 594 1106 satis
614 1052 733 1106 attente
753 1064 861 1105 omnes
883 1040 998 1124 elegias
1019 1040 1195 1125 perlegisse,
1217 1052 1253 1103 ut
1275 1041 1417 1125 ejusdem

366 1152 474 1193 omnes
500 1127 612 1192 coloris
638 1150 705 1191 esse
735 1126 931 1210 intelligeret.
987 1127 1078 1212 Casp.
1105 1127 1252 1189 Barthius
1275 1127 1420 1210 pluribus

366 1216 441 1279 locis
453 1238 523 1278 eam
539 1213 726 1278 sententiam
737 1213 909 1297 profitetur,
922 1222 958 1275 ut
971 1211 1057 1275 Galli
1072 1234 1162 1310 aeque
1173 1235 1214 1274 ac
1228 1210 1418 1275 Maximiani

367 1312 471 1386 partes
486 1300 605 1384 aliquas
620 1299 653 1360 in
669 1298 705 1360 iis
722 1297 840 1380 Elegiis
861 1319 927 1360 esse
948 1307 1074 1372 statuat,
1093 1297 1250 1382 dicatque,
1273 1320 1338 1360 esse
1349 1319 1410 1374 eas,

368 1397 451 1449 certe
472 1407 569 1448 unam
590 1383 641 1447 vel
663 1383 803 1458 alteram,
827 1405 847 1444 e
870 1384 963 1446 Corn.
989 1383 1075 1446 Galli
1099 1382 1216 1465 Elegiis
1239 1406 1258 1445 a
1279 1384 1417 1468 quodam

370 1470 566 1534 Maximiano
589 1479 761 1532 contractas
784 1477 816 1531 et
835 1467 1044 1552 interpolatae,
1066 1467 1152 1531 etin
1175 1490 1301 1531 sensum
1323 1468 1421 1553 ipsius

369 1557 513 1620 detortas.
562 1555 649 1638 (Vid.
667 1553 887 1636 Testimonia.)
934 1553 1016 1626 Quae
1032 1553 1188 1617 sententia
1202 1576 1259 1638 pro
1276 1577 1350 1617 vera
1367 1577 1419 1617 ac·

370 1642 431 1726 cipi
449 1642 482 1704 in
499 1651 623 1704 tantum
640 1650 751 1724 potest,
768 1650 804 1702 ut
825 1637 1058 1702 Maximianum
1078 1661 1260 1702 censeamus
1281 1639 1421 1702 carmina

370 1751 426 1790 sua
439 1749 533 1812 poene
549 1736 614 1789 tota
629 1726 670 1789 ad
683 1725 813 1808 genium
830 1733 972 1787 veterum
991 1735 1165 1808 poetarum,
1182 1725 1262 1787 etin
1278 1725 1325 1788 his
1340 1725 1420 1788 forte

371 1813 465 1888 Galli,
482 1822 577 1897 atque
595 1832 638 1874 ex
657 1833 766 1874 corum
783 1809 946 1894 phrasibus
968 1820 1001 1872 et
1022 1809 1183 1873 sententiis
1202 1810 1418 1894 composuisse,

369 1897 479 1984 quodi
502 1919 536 1959 sa
550 1896 721 1979 elegiarum
736 1896 829 1959 lectio
844 1917 1103 1981 unumquemque
1115 1895 1205 1958 facile
1217 1895 1318 1958 docet.
1355 1895 1421 1958 Alii

369 2005 460 2068 porro
474 1920 705 2045 Maximianum
718 1981 856 2066 quidem,
872 1980 966 2044 Gallo
976 1981 1101 2064 penitus
1114 1981 1248 2057 excluso,
1261 1991 1421 2044 auctorem

370 2069 498 2143 habent,
505 2068 560 2131 sed
569 2090 642 2130 eum
652 2089 726 2130 cum
734 2065 795 2129 alio
804 2065 1040 2150 recentioreque
1050 2065 1255 2128 confundunt.
1275 2067 1337 2129 Th.
1346 2067 1422 2129 Rei-

370 2154 475 2217 nesius
486 2153 585 2238 Epist.
595 2153 691 2215 lxxxi:
709 2153 750 2215 ad
759 2151 933 2215 Daumium
945 2173 975 2236 p.
985 2156 1059 2226 207,
1072 2150 1305 2214 Maximianum
1314 2152 1425 2236 opina-

371 2251 423 2302 tur
438 2239 573 2302 confinio
588 2238 694 2302 saeculi
709 2238 787 2300 sexti
802 2249 835 2300 et
849 2237 973 2321 septimi
988 2236 1081 2300 fuisse
1097 2259 1136 2299 ex
1148 2237 1275 2300 Abbate
1293 2237 1424 2301 Monas·

371 2325 441 2387 terii
454 2325 485 2386 S.
498 2323 642 2405 Gregorii
654 2323 766 2386 Romae
778 2322 968 2406 Episcopum
981 2323 1219 2408 Syracusanum,
1230 2323 1423 2386 carissimum

374 2409 526 2492 Gregorio
543 2407 592 2470 M.
609 2418 641 2471 et
658 2407 844 2470 familiarem
863 2407 1076 2472 litteratorem.
1123 2408 1218 2481 Quod
1239 2408 1424 2471 Reinesium

372 2495 502 2558 sensisse
522 2515 713 2578 magnopere
728 2493 909 2576 indignatur
923 2493 1030 2556 Justus
1048 2494 1241 2557 Fontaninus
1259 2494 1342 2557 Hist.
1360 2493 1424 2557 Lit.

373 2580 482 2664 Aquil.
498 2604 528 2666 p.
545 2585 597 2655 57,
614 2590 646 2642 et
660 2579 935 2642 mendacissimum
951 2591 1165 2642 commentum
1177 2592 1275 2643 vocat.
1312 2579 1424 2642 Enim-

372 2689 455 2741 vem,
479 2665 591 2749 inquit,
615 2665 667 2728 hic
692 2664 906 2728 Maximianus
927 2664 987 2728 fuit
1008 2665 1055 2727 vir
1081 2665 1299 2740 sanctissimus,
1323 2665 1367 2728 ita
1389 2676 1425 2728 ut

373 2753 492 2834 absque
507 2751 592 2813 foeda
607 2749 765 2813 calumnia
775 2748 820 2811 illi
832 2749 987 2832 adsignari
998 2760 1159 2834 nequeant
1172 2751 1281 2834 elegiae
1296 2750 1427 2814 omnino

372 2836 521 2922 profanae,
534 2835 659 2920 ineptiis
670 2846 703 2898 et
713 2834 896 2919 turpissimis
907 2834 1064 2898 amoribus
1079 2835 1120 2898 ad
1131 2859 1280 2900 nauseam
1291 2835 1424 2912 referta,

373 2946 447 3007 quae
470 2923 644 2986 dedeceant
663 2944 727 2985 non
747 2921 847 2984 solum
868 2921 1039 2996 Abbatem,
1061 2920 1253 3006 Episcopum
1273 2932 1306 2986 et
1322 2922 1425 2984 virum

374 3018 526 3085 sanctum,
546 3008 601 3093 qui
622 3008 681 3072 fuit
700 3008 786 3072 idem
808 3006 1031 3082 Maximianus
1051 3007 1107 3070 sed
1127 3029 1349 3092 quemcunque
1369 3007 1426 3071 ho·

374 3095 469 3158 nestis
495 3106 528 3157 et
553 3094 726 3157 christianis
755 3093 894 3157 moribus
918 3092 1025 3190 paullo
1055 3092 1207 3156 deditum.
1261 3093 1426 3156 Hactenus

377 3179 581 3241 Fontaninus.
633 3179 697 3240 Sed
716 3188 837 3240 tantam
861 3177 1110 3260 indlgnationem
1135 3178 1188 3242 vix
1211 3179 1328 3242 meruit
1350 3178 1430 3240 Rei-

375 3263 489 3337 nesiuS,
513 3262 568 3347 qui
594 3262 619 3324 si
647 3261 882 3325 Maximianum
911 3261 1101 3346 Episcopum
1124 3275 1244 3327 temere
1266 3273 1426 3327 auctorem

377 3347 560 3431 Elegiarum
574 3346 795 3431 pronuntiavit,
812 3369 874 3409 non
892 3347 1098 3430 malignitate,
1117 3349 1173 3412 sed
1192 3371 1296 3413 errore
1315 3359 1347 3412 et
1367 3348 1427 3412 im·

375 3433 543 3518 prudentia
553 3433 597 3496 sic
612 3432 695 3508 fecit,
709 3433 795 3517 quod
809 3432 949 3496 carmina
959 3455 997 3496 ea
1011 3456 1074 3497 non
1086 3445 1230 3498 accurate
1241 3434 1426 3519 perlegerat.

377 3519 499 3592 Quodsi
515 3541 623 3583 eorum
639 3529 860 3603 argumentum
874 3529 959 3582 recte
977 3519 1137 3602 cognitum
1157 3520 1325 3596 habuisset,
1342 3519 1428 3583 haud

376 3605 472 3669 dubie
495 3605 603 3670 fuisset
625 3604 776 3680 futurum,
799 3615 835 3668 ut
856 3605 936 3668 tanti
958 3603 1016 3668 Vir
1033 3605 1155 3689 judicii,
1179 3628 1276 3690 quam
1298 3605 1428 3688 indigna

376 3689 445 3755 haec
461 3701 586 3754 auctore
601 3701 714 3766 essent,
730 3691 823 3754 sacris
836 3690 1021 3754 muneribus
1036 3689 1196 3774 fungente,
1213 3691 1295 3754 ultro
1309 3690 1428 3774 perspi-

377 3785 462 3838 ceret
477 3786 509 3838 et
522 3775 729 3859 profiteretur.
774 3775 955 3839 Recentiori
972 3775 1074 3839 adhuc
1090 3776 1175 3840 atati
1192 3775 1427 3839 Maximianum

377 3860 513 3942 assignat
529 3860 707 3924 Bernardus
727 3859 861 3924 Moneta
880 3859 912 3923 in
931 3861 1154 3924 Additionibus
1172 3862 1214 3924 ad
1234 3861 1429 3943 Menagiana

376 3955 452 4008 tom.
468 3945 488 4020 i,
504 3969 535 4031 p.
548 3951 621 4020 338,
638 3946 694 4009 ubi
709 3969 783 4009 eurn
795 3945 921 4030 conjicit
932 3947 1051 4030 aliquot
1064 3947 1153 4010 annis
1168 3946 1282 4010 saeculo
1294 3946 1426 4021 decime,

377 4041 410 4093 et
424 4029 550 4096 fortasse
566 4031 743 4107 undecimo,
759 4031 961 4116 posteriorem
976 4031 1078 4108 fuisse,
1095 4033 1154 4096 hac
1169 4042 1293 4096 tanturn
1308 4031 1429 4094 ratione
1447 4042 1449 4046 '

377 4115 498 4193 ductus,
512 4117 598 4203 quod
612 4127 684 4182 ante
701 4139 820 4182 annum
835 4121 993 4182 lemnon
1008 4118 1142 4204 reperiat
1154 4118 1220 4203 ejus
1233 4117 1427 4182 mentionem

1590 2998 1596 3186 l
