3228 4982
400 407 442 471 In
459 407 705 476 Msxrnmuun
722 404 1043 471 Wnnusnonrrsnm.
1204 411 1248 470 63

196 542 263 598 lethi
279 543 347 598 Hor.
366 543 458 598 Germ.
477 543 496 598 i.
509 549 554 609 28,
572 548 617 596 15:
637 544 811 614 vivefacere
822 545 964 611 perditam
980 540 1066 595 Rutil.
1080 541 1098 595 i.
1113 547 1247 596 sle-

199 619 257 668 119.
276 616 379 668 &estas
391 611 504 681 minor]
525 613 604 667 Ovid.
619 630 652 666 ex
665 613 742 666 Pont.
756 613 774 666 i.
792 617 832 678 10,
849 619 877 666 7:
905 614 945 666 Os
957 612 1036 666 hebes
1049 621 1089 666 est
1119 615 1247 681 ositoeqae

193 693 301 737 movent
308 685 434 755 fastidia
450 687 687 736 measa—128.
704 684 826 736 Suberat
841 684 943 736 oblivia
961 691 1081 736 mentem.
1118 683 1170 734 Pro
1189 682 1244 751 pri·

196 754 280 806 mario
300 752 446 807 senectutis
464 752 529 806 vitio
549 751 689 806 Juvenalis
709 753 790 805 habet
810 751 980 817 oblivionem,
1002 751 1058 805 Set.
1073 757 1178 806 1233:
1199 754 1249 804 sed

196 826 269 876 omni
280 825 464 876 memororum
474 824 572 876 damno
584 823 673 890 major
683 823 826 887 dementia,
839 839 896 891 qua
908 839 956 875 aec
964 822 1085 876 Nomina
1097 839 1244 887 servorum,

195 911 244 946 nee
256 894 357 946 vultam
370 895 495 960 aqnoscit
505 894 731 945 amici—126.
745 892 837 960 Atque
850 894 953 945 intenta
966 889 1047 959 eois]
1068 891 1147 945 Ovid.
1162 890 1245 945 Trist.

195 962 232 1016 iv.
249 967 272 1028 l,
287 967 320 1015 4:
340 963 422 1015 Meas
440 964 544 1014 intenta
560 964 617 1014 sais
635 979 667 1014 ae
677 962 757 1031 foret
773 979 805 1014 as
843 979 857 1013 c
874 962 955 1014 molis
967 963 1107 1028 obstupet,
1124 961 1244 1027 immota,

196 1049 290 1085 sensus
307 1040 334 1084 et
350 1031 455 1084 consilii
471 1047 566 1100 expers
583 1029 676 1084 haeret.
714 1029 793 1083 Ovid.
833 1031 890 1083 rist.
904 1031 922 1084 i.
936 1035 962 1097 2,
977 1035 1027 1084 82:
1048 1031 1182 1098 ambiqais
1199 1048 1247 1084 are

195 1110 288 1169 stupet
305 1105 368 1169 ipso
384 1102 607 1154 malis—129.
620 1100 762 1169 Nonsora
774 1097 905 1167 sollicito]
925 1117 989 1153 voce
1009 1107 1036 1152 et
1054 1100 1174 1152 oratione
1187 1117 1247 1152 mea

196 1187 364 1224 commovere
373 1171 476 1236 studeo,
484 1170 590 1239 quando
595 1169 699 1237 judicia
707 1168 849 1223 habentur.
858 1171 975 1233 studere,
984 1187 1096 1237 operam
1105 1172 1247 1238 daresoro

197 1241 244 1294 alii
255 1240 398 1310 scriptores
410 1240 646 1292 dicunt—180.
660 1240 770 1292 Litibas
782 1247 831 1292 aar
842 1237 972 1306 rabidis]
986 1239 1122 1308 Scriptum
1135 1241 1169 1292 ab
1181 1257 1245 1293 auc·

197 1316 254 1363 tore
271 1311 378 1363 rabidis
390 1326 456 1375 esse,
470 1308 739 1378 plures‘scriptorum
750 1308 803 1361 loci
819 1308 914 1361 docere
931 1316 1051 1378 possunt,
1066 1308 1164 1378 quibus
1181 1327 1245 1362 cau-

197 1379 341 1432 sidicorum
360 1379 389 1432 in
406 1379 464 1432 foro
482 1378 556 1443 rixae,
578 1377 762 1431 contentiones
783 1385 811 1431 et
831 1377 969 1444 clamores,
992 1385 1023 1431 ut
1044 1378 1131 1432 rabies
1152 1379 1248 1432 canina

197 1449 400 1513 describuntur,
427 1447 560 1517 aquibus
580 1447 638 1516 ipse
659 1448 758 1501 rabula
778 1447 891 1501 forensis
912 1447 1018 1502 dicitur.
1062 1448 1181 1502 Sufficiat
1202 1449 1247 1502 hic

200 1519 318 1584 Senecae,
334 1517 417 1571 Herc.
430 1517 495 1570 Fur.
512 1521 576 1570 172:
598 1518 655 1570 Hic
672 1518 785 1570 clamosi
802 1518 914 1571 rabiosa
927 1519 992 1600 fori
1008 1519 1113 1586 Jarqi'a
1131 1520 1247 1571 vendens

198 1589 336 1657 improbae
348 1590 408 1641 iras
424 1595 451 1640 et
465 1587 548 1640 verba
565 1588 645 1640 locat.
682 1586 791 1639 Dicitur
806 1587 850 1639 hic
862 1587 1013 1640 causidicus
1030 1604 1138 1656 operam
1155 1587 1245 1640 foren-

197 1675 263 1723 sem,
277 1657 349 1710 rixas
362 1664 389 1710 et
401 1658 481 1710 verba
493 1673 542 1709 sua
557 1655 654 1721 locare,
669 1656 712 1708 vel
723 1655 828 1708 venelia
842 1655 940 1709 habere
956 1656 1051 1725 pretio.
1088 1655 1180 1727 Atque
1196 1657 1247 1710 hoc

197 1727 287 1796 ipsum
306 1727 440 1796 significat
458 1725 641 1778 Maximianus
660 1743 709 1794 per
727 1727 865 1778 commoda
885 1728 965 1792 dara,
1003 1743 1046 1778 uae
1064 1743 1092 1778 se
1111 1726 1187 1796 sequi
1205 1727 1248 1779 vel

198 1803 324 1866 appetere
342 1796 407 1849 dicit
423 1795 517 1853 litibus
534 1795 563 1847 in
580 1795 638 1847 foro
656 1794 952 1848 exercendis—134.
998 1797 1137 1863 rsaaqnis,
1149 1797 1246 1866 firaer.

198 1864 296 1933 colon]
318 1865 369 1920 Or.
381 1864 447 1919 Her.
457 1865 512 1918 xxi.
522 1869 588 1916 215:
609 1865 781 1917 Concidimus
793 1867 888 1930 macie,
899 1866 974 1919 color
986 1868 1095 1918 estsine
1107 1868 1246 1934 sanquine.

198 1936 485 1989 -136.Seabrida
502 1931 646 2000 membra]
667 1935 733 2003 (vox
753 1933 852 1986 infimae
871 1934 1053 2001 Latinitatis)
1072 1935 1090 1989 i.
1105 1952 1128 1988 e.
1147 1935 1245 2001 scabie,

218 2005 344 2074 orrigine,
367 2004 499 2072 uitiligine
520 2003 607 2057 obsita
627 2010 655 2056 et
675 2020 776 2072 aspera.
799 2003 911 2057 vitiosus
935 2005 1053 2073 corporis
1076 2005 1193 2070 habitus,
1215 2023 1249 2058 ex

198 2023 277 2141 ibme,
298 2075 341 2128 vel
359 2074 455 2127 vitioso
475 2073 601 2126 alimento
622 2079 650 2125 et
669 2072 791 2126 sordibus
810 2073 937 2142 corporis,
958 2081 990 2126 ut
1010 2072 1111 2126 indicat
1132 2073 1249 2128 Serenus

201 2143 339 2198 Sammon.
353 2144 459 2213 capri.
498 2143 544 2196 Sic
555 2143 651 2195 scaber
662 2145 768 2210 noyon,
784 2142 863 2196 Ovid.
877 2142 912 2196 A.
926 2141 961 2196 A.
975 2142 1013 2196 iii.
1030 2149 1092 2209 276,
1108 2150 1136 2196 et
1147 2145 1249 2197 scabra
1606 2181 1607 2184 κ

200 2216 322 2282 robiqiae
332 2215 442 2284 fauces,
457 2212 526 2266 Met.
540 2211 595 2265 viii.
609 2217 670 2277 802,
685 2211 755 2264 sicut
765 2211 818 2281 ipsi
831 2211 965 2280 Robigine
977 2214 1079 2266 scabra
1090 2231 1186 2268 monus
1198 2215 1248 2266 tri-
1444 2242 1456 2280 ,’
1478 2191 1520 2280 sai
1605 2211 1606 2214 Ἴ

200 2285 329 2349 buuntur,
351 2284 424 2336 Fast.
443 2283 478 2336 iv.
499 2286 559 2345 921,
579 2298 653 2358 anea
669 2298 765 2334 manas
794 2283 1043 2355 QSQSJOEVQ
1064 2283 1188 2337 lacerant
1205 2301 1247 2338 as-
1280 2279 1331 2343 iel
1354 2267 1480 2356 ,pa-1¹*
1604 2283 1605 2300 ¹

200 2353 276 2421 sidue
289 2353 420 2407 scabendo
455 2351 629 2420 erstringunt.
666 2347 871 2404 Hlmcaeeram
884 2349 1250 2422 porriffiaeeorpusdicitur
1297 2345 1348 2399 W

202 2423 298 2478 Gratia
310 2441 335 2476 r.
349 2427 409 2476 408.
432 2370 521 2475 ‘genes
533 2428 623 2474 autem
635 2419 756 2474 infestari
767 2421 904 2490 porrigine
916 2421 1186 2476 dicuntur—139.
1201 2425 1248 2476 Oi·
1296 2441 1350 2534 ips

201 2495 298 2546 tiaram
310 2489 401 2559 serta]
414 2491 478 2544 satis
490 2491 627 2558 eleganter
639 2489 750 2556 dictum,
766 2490 830 2560 quia
845 2491 907 2543 cilia
918 2491 961 2543 vel
975 2491 1109 2560 palpebrae
1122 2499 1251 2561 tanquam
1287 2512 1303 2543 ι,

201 2570 303 2616 sertum
325 2562 416 2615 oculos
440 2561 553 2630 cingunt
574 2566 601 2612 et
622 2559 752 2626 ambiunt,
774 2566 836 2628 apte
861 2560 943 2612 etiam
964 2561 1096 2628 tepebant,
1119 2561 1251 2631 siquidem

1400 2369 1404 2386 l

1356 2387 1407 2449 ,el

237 2740 289 2784 119.
303 2737 368 2783 Nam
382 2736 419 2783 vel
428 2737 481 2796 jam
493 2735 524 2782 V.
541 2737 594 2796 ipsa
609 2735 698 2780 minora
709 2732 824 2780 exhibent
839 2731 899 2782 editi
913 2741 969 2794 post
983 2733 1059 2782 Gaur.
1070 2741 1096 2782 et
1109 2734 1165 2782 Asc.
1183 2742 1252 2797 atque

202 2799 241 2847 vel
258 2802 310 2861 ipsa
326 2801 427 2860 obliquat
439 2800 470 2846 V.
486 2800 516 2847 R.
532 2800 575 2846 Gr.
591 2798 621 2845 G.
635 2796 708 2860 quod,
723 2796 781 2844 lieet
796 2796 919 2854 vitiosum,
934 2800 965 2845 ab
981 2806 1087 2854 auctore,
1099 2798 1186 2846 illude
1198 2814 1250 2846 cor-

203 2863 310 2911 rectione
326 2879 377 2911 esse
393 2863 496 2910 videtur.
541 2867 594 2909 120.
616 2863 715 2909 Nareae
731 2867 813 2907 caaaa
832 2861 862 2908 V.
878 2861 909 2908 R.
938 2877 1027 2908 noscere
1043 2870 1093 2909 tato
1111 2863 1140 2909 L.
1161 2861 1251 2924 reliqui

203 2935 272 2983 certa,
284 2926 351 2989 quod
362 2926 451 2974 rectius
462 2933 505 2974 est.
542 2931 594 2973 12l.
609 2927 681 2972 Nulla
692 2931 725 2971 est
736 2939 823 2985 qaoque
832 2940 868 2983 qr.
882 2924 911 2971 L.
932 2926 995 2970 ridde
1006 2931 1039 2971 est
1049 2927 1107 2971 miti
1121 2925 1152 2972 G.
1164 2933 1189 2972 et
1202 2926 1249 2973 Pu.

197 2992 249 3051 jam
268 2993 332 3037 anila
347 2999 417 3051 prata
436 2990 467 3037 R.
517 2994 570 3036 122.
585 2991 658 3035 Patat
674 2988 704 3034 V.
752 2991 805 3034 123.
824 2988 859 3032 Et
876 2987 941 3034 Lan.
960 2987 1059 3045 conjicit
1077 2989 1247 3037 Ommerenus.

206 3058 258 3103 126.
278 3056 387 3116 Obstupet
401 3056 443 3100 illa
455 3054 486 3102 V.
502 3053 533 3100 R.
581 3053 633 3100 127.
650 3054 742 3098 Samma
758 3051 862 3098 volumus
878 3050 950 3097 unica
964 3053 1037 3098 habet
1051 3051 1082 3099 G.
1129 3057 1182 3100 128.
1196 3055 1251 3099 Hes

196 3120 266 3180 sapit
280 3118 392 3180 plerique
407 3117 474 3165 editi.
498 3117 581 3180 effnyit
592 3116 624 3164 V.
639 3115 669 3162 R.
687 3115 730 3162 Gr.
746 3116 776 3163 G.
790 3113 856 3177 quod
871 3113 987 3177 equidem
1002 3115 1095 3162 malim.
1114 3123 1136 3162 et
1146 3118 1204 3164 votis
1218 3117 1249 3164 G.

201 3185 281 3244 pratia
292 3199 380 3229 samma
389 3182 420 3230 V.
457 3186 509 3229 129.
524 3183 578 3228 Noa
589 3181 673 3226 blanda
685 3178 714 3226 L.
724 3185 749 3226 et
764 3178 794 3226 G.
831 3182 884 3226 130.
898 3181 952 3226 Heu
963 3181 1054 3240 rapidis
1064 3181 1155 3227 habent
1167 3196 1251 3228 omnes

203 3245 263 3294 editi
279 3254 334 3306 post
348 3248 403 3295 Asc.
421 3245 464 3292 sed
474 3253 516 3292 ont
526 3261 576 3306 rap.
591 3244 621 3291 V.
637 3244 668 3290 R.
686 3244 751 3290 band
765 3259 815 3304 rap.
831 3243 861 3291 G.
874 3249 899 3290 et
911 3243 958 3292 Pu.
976 3250 1001 3291 et
1012 3245 1077 3292 baad
1088 3243 1126 3292 vel
1141 3253 1184 3292 ant
1198 3245 1251 3293 sine

202 3309 327 3358 codicibus
347 3309 446 3368 conjicit
465 3309 635 3356 Ommerenus.
666 3306 783 3354 Barthius
801 3306 864 3354 Adv.
882 3307 940 3355 xvii.
958 3312 995 3364 11,
1013 3307 1072 3370 quia
1088 3309 1187 3371 vulgata
1202 3310 1250 3356 leo·

202 3373 269 3421 tione
288 3375 332 3420 teu
349 3390 399 3435 rap.
417 3372 537 3420 contraris
555 3371 631 3432 priori
650 3370 730 3418 versui
747 3369 796 3417 diei
813 3369 887 3426 videt,
905 3387 963 3418 voce
983 3388 1032 3418 una
1050 3373 1075 3419 in
1093 3371 1154 3419 duas
1171 3380 1252 3433 partes

203 3435 318 3484 distincta
328 3437 363 3485 ita
373 3437 528 3484 scribendum
538 3435 685 3482 hariolatus:
701 3437 780 3480 litibus
790 3435 834 3480 ltere
845 3437 936 3494 rapidis
944 3437 998 3480 dam
1008 3451 1057 3481 mea
1068 3437 1153 3482 ἀαιιιιια
1163 3452 1251 3497 aequor.

205 3501 324 3548 Withofio
343 3501 424 3556 etiam,
441 3517 464 3561 p.
483 3505 539 3555 ³14,
556 3498 652 3546 videtur
669 3505 711 3544 aat
727 3496 867 3557 legendum,
885 3497 922 3544 vel
943 3505 1007 3544 certe
1027 3513 1121 3558 sequens
1137 3499 1191 3545 loco
1208 3501 1252 3547 τοῦ

203 3581 291 3626 sequor,
309 3572 338 3611 ut
356 3563 548 3625 praecedentibus
566 3561 616 3608 illis
633 3577 673 3608 neo
691 3562 775 3607 blanda
790 3567 898 3620 pearata
912 3562 981 3620 fiaqo
996 3569 1161 3617 connectetur,
1178 3570 1203 3609 et
1221 3562 1252 3610 de

204 3628 339 3676 amantium
350 3627 451 3676 ludicris
462 3627 504 3674 iris
514 3626 622 3687 rixisque
633 3623 791 3685 intelligatur.
829 3623 952 3671 Craterum
965 3623 1083 3670 Barthius
1093 3627 1183 3672 rabidis
1193 3626 1251 3674 scri·

203 3692 313 3740 bendum
328 3699 402 3752 putat
417 3707 462 3752 pro
472 3693 571 3753 rapidis,
584 3695 612 3736 ut
622 3688 727 3735 forenses
742 3685 826 3743 furias,
837 3687 938 3735 canibus
954 3695 1112 3748 comparatas,
1123 3689 1251 3749 exprimat.

204 3763 269 3804 recte
280 3754 392 3804 omnino:
411 3754 526 3816 idemque
537 3753 633 3814 praefert
645 3752 676 3800 L.
712 3755 764 3799 131.
784 3752 904 3805 Qnorrdam
914 3753 998 3798 debota
1009 3751 1070 3814 legit
1083 3751 1182 3812 Bipont.
1195 3771 1253 3802 curu

204 3819 330 3867 nonnullis
345 3819 411 3866 aliis:
431 3816 473 3866 sed
484 3818 585 3879 praefero
595 3819 684 3872 dilecta,
697 3815 762 3877 quod
773 3816 864 3862 habent
875 3815 905 3863 L.
921 3817 952 3864 G.
967 3817 998 3863 A.
1013 3815 1059 3862 Pn.
1074 3815 1112 3864 Pi.
1128 3816 1159 3864 0.
1182 3821 1252 3866 relis-

204 3887 256 3946 qait
273 3884 303 3930 G.
348 3888 401 3931 136,
421 3885 511 3930 Tabida
527 3883 624 3928 membra
639 3879 752 3941 vulgatae.
776 3881 871 3925 scabida
886 3879 917 3926 V.
939 3880 970 3926 R.
986 3880 1029 3926 Gr.
1044 3879 1073 3927 L.
1097 3882 1204 3929 scabrida
1220 3884 1252 3930 G.

206 3947 264 3994 Hoc
280 3949 386 3994 scalada
402 3962 448 4009 ego
464 3945 598 4006 presseram,
612 3951 641 3990 nt
655 3943 737 4002 aptius
753 3948 831 3989 metro
848 3951 872 3989 et
891 3941 980 3998 sensui,
997 3943 1142 3991 vocabulum
1162 3943 1254 3994 infimae

206 4011 353 4059 Latinitatis.
390 4015 443 4059 1³8.
456 4011 610 4072 Deplanqant
620 4005 720 4070 quidem
731 4021 822 4060 omnes,
834 4005 875 4052 sed
891 4021 1008 4066 reponere
1019 4006 1103 4054 malim
1115 4010 1254 4070 Deploraat,

204 4082 234 4122 ut
244 4073 280 4123 rei
291 4073 481 4131 convenientius,
493 4073 512 4120 si
525 4071 625 4135 quidem
636 4069 718 4134 aliqua
729 4068 859 4144 auctoritas
870 4069 970 4119 adesset.
