3228 4982
354 503 396 559 60
624 493 731 558 Norn
747 515 789 556 nr
804 493 926 558 Varum
943 492 1136 558 Lacrimans

353 629 505 685 emendatio
516 631 671 700 etsnqiene,
683 629 767 684 malui
777 630 848 682 hanc
860 629 944 712 sequi,
955 645 1036 700 quam
1048 628 1129 682 aliam
1138 627 1271 694 Withofii,
1286 628 1315 681 in
1328 627 1363 684 V.
1375 625 1407 684 L.

353 701 507 764 indicatam,
517 718 577 771 quae
586 701 673 768 magis
685 699 786 753 recedit
797 699 931 764 alitteris,
947 706 974 752 et
985 703 1014 751 τὸ
1027 707 1084 752 tota
1094 697 1186 751 delens
1199 698 1253 750 vim
1266 699 1408 752 sententiaa

354 771 450 824 aufert.
488 769 624 823 Caeterum
643 769 688 824 rix
706 770 790 822 latere
810 785 971 839 quemquam
994 775 1091 836 potest,
1111 767 1213 820 imitari
1229 767 1272 821 his
1290 768 1409 822 voluisse

353 848 491 893 auctorem
503 839 653 892 Horatiana
665 838 731 903 haee,
744 838 835 892 Carm.
848 839 865 892 i.
879 844 911 891 9:
928 839 1010 891 Nunc
1019 847 1046 891 et
1054 840 1165 891 latentis
1197 840 1303 891 roditor
1312 840 1408 892 intimo

360 911 465 962 Cronia
478 910 580 978 puelle
597 912 670 962 risus
688 911 723 961 ab
742 909 851 976 anyolo,
872 915 932 960 tum
949 907 1018 961 illud
1036 906 1146 976 Virgilii
1190 907 1224 960 cl.
1241 907 1279 960 iii.
1294 913 1345 960 65:
1366 909 1410 962 Et

345 981 428 1048 sapit
439 982 479 1032 ad
488 980 595 1044 salices,
610 988 637 1032 et
652 997 680 1032 se
696 981 772 1046 capit
787 987 850 1031 ante
865 980 1077 1032 videri—72.
1093 978 1217 1044 Sponsor
1233 977 1408 1044 perititiam

353 1048 463 1119 quidam
483 1048 545 1102 libri
563 1049 667 1117 legunt,
687 1049 748 1118 quis
769 1047 813 1113 sit,
833 1047 967 1116 explicare
985 1061 1098 1116 nequeo,
1119 1048 1253 1114 qenetalia
1273 1047 1408 1100 insulsum

354 1127 410 1172 est:
430 1120 576 1187 pancratis,
591 1119 663 1189 quod
674 1119 750 1172 codd.
763 1117 846 1186 mspti
858 1124 973 1182 servant,
988 1117 1117 1186 aptiorem
1131 1133 1240 1169 sensum
1254 1115 1345 1180 habet,
1360 1117 1408 1185 qui

354 1196 395 1241 est
409 1189 559 1242 communis
576 1188 696 1241 omnium
714 1187 873 1256 puellarum,
887 1204 967 1256 quem
984 1203 1077 1238 omnes
1093 1185 1190 1254 puellae
1207 1184 1258 1238 sibi
1271 1185 1407 1239 vindicare

353 1259 599 1327 cupiunt.-—76.
624 1258 713 1310 Viduo
725 1259 853 1327 sriyidns
870 1274 955 1324 usqne
973 1252 1048 1323 toro]
1069 1257 1184 1322 Friyere
1203 1254 1338 1320 dicuntur,
1360 1255 1407 1325 qui

354 1327 404 1380 soli
422 1329 521 1380 cubant
540 1334 567 1380 et
584 1327 642 1380 sine
660 1327 784 1396 conjuge.
822 1327 943 1394 Propert.
962 1325 997 1378 iv.
1013 1331 1038 1390 7,
1052 1331 1084 1378 6:
1111 1326 1178 1378 Cum
1197 1341 1326 1393 quererer
1344 1327 1407 1378 lecti

344 1399 460 1467 sriyidn
478 1414 563 1463 repra
581 1399 642 1449 mei.
680 1395 781 1449 Tibull.
800 1394 818 1448 i.
832 1400 859 1460 8,
873 1400 923 1448 39:
945 1411 1004 1464 qaoe
1014 1396 1127 1465 stipere
1145 1395 1205 1447 solo
1222 1397 1365 1460 Dormiat,
1381 1405 1409 1448 et

353 1467 423 1518 melli
434 1469 471 1518 sit
482 1468 616 1533 cupienda
628 1468 696 1519 viro.
734 1464 813 1518 Ovid.
828 1463 892 1518 Am.
905 1463 943 1518 ili.
957 1471 983 1530 5,
998 1469 1048 1518 42:
1071 1465 1204 1531 Friqidus
1222 1467 1250 1516 in
1262 1467 1345 1516 viduo
1357 1467 1405 1518 de-

353 1538 464 1589 stituere
479 1539 663 1589 toro—80.
677 1535 741 1588 Non
757 1534 825 1587 midi
840 1542 925 1601 prato
942 1531 1047 1602 brevis]
1061 1533 1125 1586 Alia
1140 1551 1217 1586 mena
1230 1533 1328 1587 ovidio
1341 1534 1405 1588 Am.

354 1605 382 1656 ii.
397 1609 423 1670 4,
437 1610 488 1658 36:
514 1606 682 1658 Conveniunt
699 1613 759 1658 voto
772 1606 853 1672 Ionon
869 1605 1010 1672 brevisque
1027 1608 1210 1657 men—81.
1230 1605 1297 1656 Cam
1315 1606 1406 1657 media

353 1671 485 1741 tannem]
501 1673 572 1728 Cum
588 1692 605 1727 a
619 1674 790 1728 matrimonio
808 1674 988 1739 abhorrerem,
1003 1673 1091 1726 amavi
1108 1680 1214 1726 tantum
1232 1673 1326 1726 ludere
1344 1689 1408 1726 cum

354 1745 460 1813 puellis,
475 1744 508 1797 iis
520 1745 637 1814 quidem,
649 1761 709 1813 qum
720 1744 816 1796 median
828 1743 920 1797 formae
933 1747 1147 1797 essent—432.
1157 1743 1256 1811 Major
1268 1745 1338 1795 enim
1349 1758 1406 1797 me·

354 1813 435 1882 dnn]
456 1813 586 1867 Similiter
602 1812 737 1868 Martialis
753 1814 771 1868 i.
784 1819 829 1879 58,
847 1813 903 1879 ubi,
918 1813 1025 1884 qualem
1043 1812 1162 1882 puellam
1184 1812 1256 1878 velit,
1271 1812 1405 1866 ostenditt

354 1884 440 1950 Illud,
463 1887 537 1952 quod
555 1886 671 1938 medium
691 1892 740 1949 est,
761 1892 843 1952 atque
863 1886 933 1936 inter
953 1891 1103 1952 utrumque,
1120 1883 1406 1950 probamen—83.

360 1954 491 2022 Corporis
510 1953 562 2006 lias
581 1950 694 2020 nostri,]
715 1953 742 2006 A
759 1955 840 2006 rebus
857 1952 961 2018 mediis,
981 1953 1009 2006 h.
1029 1971 1052 2006 e.
1071 1952 1114 2016 iis,
1135 1969 1195 2021 quae
1214 1951 1408 2006 mediocritatis

354 2023 468 2077 laudem'
482 2023 591 2088 habent,
612 2023 750 2092 inopinato
771 2022 867 2076 transit
886 2023 921 2074 ad
943 2029 1033 2091 partes
1054 2021 1155 2074 medias
1177 2021 1304 2090 corporis,
1326 2023 1408 2075 ‘rebus

355 2092 485 2147 Venereis
501 2092 684 2146 inservientes.
723 2091 793 2158 Quae
805 2091 937 2152 μετάβασις
949 2098 980 2143 ut
993 2091 1080 2144 aliena
1091 2093 1125 2144 ab
1137 2091 1188 2143 hoc
1202 2091 1262 2144 loco
1275 2097 1303 2144 et
1315 2099 1408 2144 coacta

355 2169 405 2228 cst,
424 2163 463 2215 ita
478 2162 552 2215 haud
567 2162 625 2215 lere
641 2162 783 2231 proterviae
802 2163 918 2214 auctoris
934 2161 1134 2215 documentum.
1172 2160 1249 2213 Idem
1265 2161 1405 2226 mentitur,
1425 2203 1430 2211 ,

355 2238 383 2284 et
401 2249 492 2286 secum
510 2240 622 2301 pugnat,
642 2232 688 2302 qui
705 2231 839 2285 contraria
857 2231 969 2297 dixerat,
983 2249 1009 2285 v.
1023 2235 1182 2285 ret-84.
1195 2231 1293 2283 Mater
1305 2233 1408 2284 amoris

354 2299 462 2368 habet]
484 2301 614 2354 Similiter
632 2301 711 2354 Ovid.
731 2300 766 2354 A.
780 2300 815 2354 A.
834 2300 862 2354 ii.
877 2305 1061 2354 ros-85.
1081 2302 1141 2354 Sed
1160 2318 1219 2368 qne
1240 2317 1293 2354 non
1311 2318 1407 2353 macra

345 2366 477 2440 ficisset]
491 2370 653 2435 Discrimen,
668 2370 740 2439 quod
755 2370 826 2422 inter
840 2370 971 2437 qracilem
986 2376 1013 2422 et
1029 2387 1150 2423 macram
1166 2376 1216 2434 est,
1231 2387 1264 2422 ex
1279 2369 1332 2422 hoc
1348 2370 1408 2438 ipso

355 2456 435 2492 versu
456 2435 617 2492 Maximiarii
637 2439 742 2492 notavit
764 2437 833 2491 Sert.
855 2438 969 2491 Ursatus
990 2438 1019 2491 in
1039 2439 1163 2493 Monum.
1184 2440 1276 2493 Patav.
1296 2457 1323 2509 p.
1343 2445 1406 2493 271.

356 2509 473 2564 Gracilis
491 2516 532 2562 est
555 2514 660 2573 natura,
674 2525 764 2561 macra
778 2507 844 2561 vitio
856 2508 1141 2562 valetudinis.---86.
1156 2511 1257 2562 Carnis
1272 2507 1406 2578 officinm]

355 2577 535 2702 ppoVeneria
550 2578 668 2648 corporis
685 2578 862 2632 oblectatione
878 2578 1004 2661 positum,
1019 2596 1052 2631 ex
1068 2579 1167 2632 infimae
1180 2586 1208 2632 et
1220 2579 1408 2660 ecclesiasticae

382 2656 512 2702 atmitatrs
529 2647 632 2702 furfure
648 2655 698 2714 est,
715 2656 742 2701 et
758 2649 835 2702 valde
853 2655 1006 2717 exagdatur
1017 2667 1034 2701 a
1045 2648 1117 2702 Jano
1129 2649 1232 2714 Dousa,
1247 2649 1359 2702 Praec1d.
1373 2649 1408 2701 ad

356 2719 465 2772 Petron.
478 2719 525 2772 lib.
542 2718 571 2771 ii.
590 2736 648 2787 cap.
662 2719 711 2772 ult.
750 2717 804 2771 Sed
822 2725 913 2771 tamen
931 2718 1083 2772 excusabile
1101 2719 1229 2771 delictum
1247 2717 1408 2770 Maximiani

356 2794 406 2853 est,
422 2787 445 2840 si
462 2788 523 2841 labe
539 2789 654 2858 quadam
672 2787 715 2840 sui
732 2788 824 2840 saecnli
842 2789 983 2857 adspersus
1001 2795 1051 2842 est.
1094 2790 1203 2841 Caroea
1221 2789 1340 2842 membra
1358 2805 1408 2857 pro

356 2857 474 2910 carnosis
486 2864 514 2910 et
526 2857 694 2926 succiplenis,
708 2857 795 2925 magis
807 2857 913 2926 placere
924 2864 1047 2926 possunt,
1062 2875 1224 2928 quamquam
1237 2865 1264 2911 et
1276 2859 1327 2910 hoc
1340 2857 1406 2910 seri·

357 2927 411 2980 oris
423 2927 579 2982 Latinitatis
593 2927 762 2982 vocabulum.
799 2926 904 2996 Nempe
919 2927 971 2982 hoc
987 2927 1059 2980 idem
1075 2927 1201 2997 exprimit
1219 2934 1321 2992 auctor,
1336 2927 1409 2996 quod

358 2996 494 3052 Martialis
506 2999 575 3064 vult,
589 2998 625 3052 xi.
639 3003 704 3052 100:
724 3000 869 3052 ternarius
881 3016 947 3064 anm,
956 3000 1135 3067 pinpnicrioe
1147 3016 1200 3052 non
1211 3015 1278 3062 sum,
1293 2997 1408 3050 amicam

357 3068 418 3121 volo
430 3069 548 3138 corporis
563 3069 642 3122 solidi
657 3075 685 3121 et
700 3068 813 3134 carnosi,
828 3085 990 3138 quamquam
1006 3087 1061 3122 non
1076 3067 1160 3122 nimia
1175 3067 1339 3136 pinguedine
1352 3067 1406 3119 dis·

358 3138 551 3192 tenti—90.
572 3140 733 3203 Vernarent,
750 3138 768 3192 i.
783 3155 806 3191 a.
819 3138 954 3192 florerent.
991 3137 1074 3206 Apud
1093 3137 1213 3191 Martial.
1231 3137 1260 3191 ii.
1278 3141 1324 3189 61:
1345 3153 1407 3190 oer-

356 3217 425 3261 oant
437 3209 520 3260 dubia
533 3209 660 3275 Ionnyine
676 3209 879 3261 male—ca.
900 3209 1000 3276 Cyprio
1013 3205 1136 3276 ubique]
1153 3206 1278 3277 Cypridis
1289 3208 1407 3260 voeabu-

392 3343 429 3389 70.
446 3341 533 3388 Laetior
543 3341 584 3388 hoe
594 3342 670 3396 molto,
683 3357 704 3402 q.
719 3357 747 3388 m.
760 3349 776 3388 t.
785 3344 850 3403 foret
863 3343 895 3388 A.
912 3341 951 3390 Pi.
969 3341 999 3389 0.
1015 3349 1039 3388 et
1050 3342 1081 3388 al.
1103 3343 1191 3390 Letior
1201 3343 1242 3390 doc
1249 3345 1336 3404 potins,
1348 3345 1411 3404 quod

357 3421 386 3452 m.
401 3413 418 3452 t.
426 3407 480 3466 snit
491 3405 522 3453 V.
540 3405 571 3452 R.
590 3405 633 3452 Gr.
646 3404 677 3452 G.
697 3407 737 3451 doc
745 3407 831 3466 potins,
844 3422 914 3471 qnam
924 3407 982 3452 male
992 3413 1043 3452 tnta
1051 3407 1106 3467 fnit
1118 3407 1148 3454 L.
1171 3407 1227 3468 Ego
1238 3406 1332 3468 legam:
1354 3407 1408 3453 Lor-

355 3472 403 3517 tior
414 3471 454 3516 loc
462 3471 548 3530 potior,
561 3472 622 3530 qnod
632 3470 689 3516 ntole
699 3476 757 3516 tecto
766 3471 837 3530 soret.
875 3471 913 3518 71.
930 3472 1052 3517 Formosus
1063 3487 1125 3518 mam
1139 3471 1168 3516 L.
1205 3473 1247 3519 72:
1263 3473 1364 3532 Sponsae
1375 3473 1409 3517 sic

355 3537 455 3593 peciolis
466 3551 527 3580 eram
541 3535 571 3580 A.
589 3533 627 3581 Pi.
645 3532 676 3580 0.
691 3540 715 3580 et
727 3533 758 3581 al.
776 3535 886 3593 penetralis
898 3534 928 3581 L.
946 3537 1061 3595 pecoralis
1073 3535 1104 3583 V.
1122 3535 1154 3582 n.
1171 3534 1216 3581 Gr.
1234 3535 1265 3582 G.
1303 3537 1340 3583 74.
1357 3535 1409 3582 Pro

356 3603 431 3646 daras
447 3615 509 3645 eram
525 3597 665 3655 wicbodus,
681 3613 706 3659 p.
725 3603 781 3653 312,
797 3597 881 3646 mallet
898 3601 1036 3654 domnam
1055 3599 1114 3660 quia
1129 3597 1158 3646 rt
1174 3615 1236 3646 nom
1251 3598 1336 3660 paullo
1352 3604 1409 3646 ante

358 3662 488 3724 praecessit,
496 3669 521 3710 et
531 3661 594 3709 illud
605 3662 690 3709 vicinae
701 3661 755 3710 voci
767 3664 862 3710 Fecerat
872 3663 961 3710 melius
971 3663 1108 3723 respondet.
1146 3665 1183 3712 79.
1204 3665 1301 3724 Corpore
1309 3665 1410 3723 pinques

359 3728 471 3790 vulgatae.
484 3735 575 3788 pectore
587 3727 617 3774 V.
630 3734 654 3773 et
669 3727 711 3774 Gr.
724 3742 779 3788 quae
793 3726 866 3774 lectio
881 3727 960 3774 valere
975 3742 1024 3773 non
1039 3733 1126 3787 potest.
1163 3731 1201 3774 80.
1216 3729 1265 3774 Nec
1279 3727 1410 3773 milti--neo

358 3793 481 3853 pleraeque
492 3791 604 3853 vulgatae.
626 3792 681 3837 Non
691 3792 826 3837 mili-non
836 3790 866 3836 V.
883 3791 914 3838 R.
929 3789 980 3837 cod.
996 3791 1078 3839 Pulm.
1093 3797 1118 3838 et
1132 3791 1162 3838 G.
1177 3789 1252 3853 idque
1263 3789 1410 3838 servandum

359 3855 463 3904 ridetur.
500 3859 538 3903 85.
558 3857 603 3902 Sed
611 3871 657 3902 non
668 3872 718 3916 qnae
728 3869 806 3900 macra
817 3853 923 3916 vulgatae
933 3855 1056 3916 pleraeque
1069 3854 1116 3902 Pu.
1134 3853 1172 3901 Pi.
1190 3855 1221 3902 0.
1248 3857 1289 3902 nd
1302 3871 1352 3916 qno
1363 3871 1409 3901 non

359 3937 438 3967 macra
455 3920 486 3967 V.
500 3920 530 3967 L.
548 3920 579 3967 G.
616 3921 654 3968 st.
674 3922 712 3966 Sic
728 3921 789 3980 qaod
803 3920 829 3964 in
846 3920 914 3980 ampl.
934 3921 1035 3966 delectat.
1071 3918 1110 3966 Sic
1126 3933 1210 3966 omnes
1226 3918 1276 3966 fere
1292 3918 1409 3966 exhibent

357 3983 427 4040 editi,
443 3983 486 4045 qui
502 3999 516 4031 e
533 3983 635 4031 Gaurioi
650 3983 717 4031 fonte
732 3981 880 4039 monimum
899 3981 941 4030 sed
957 3982 1050 4039 vitiose,
1067 3990 1096 4030 ut
1112 3997 1196 4029 sensus
1212 3983 1313 4032 laboret.
1352 3983 1412 4030 Una

358 4047 461 4109 antiqua
480 4047 627 4095 Germanica
645 4046 778 4096 rectissime
794 4049 825 4094 sit
843 4050 904 4109 qaod
920 4050 946 4094 in
962 4049 1068 4108 amplexa
1084 4049 1174 4094 delectet
1190 4048 1301 4108 strinpera
1316 4061 1406 4108 eorpus.

359 4117 398 4160 88.
416 4113 453 4158 Ne
463 4113 547 4157 lodan
553 4129 659 4172 prorem
672 4113 703 4160 G.
718 4112 764 4160 Pu.
779 4110 818 4159 Pi.
830 4112 861 4160 Ο.
874 4119 898 4160 et
909 4110 1061 4160 recentiores.
1089 4111 1164 4171 Peius
1174 4118 1210 4160 est
1221 4119 1329 4167 tenerum,
1341 4109 1408 4174 quod

358 4176 465 4224 offerunt
477 4175 508 4223 V.
524 4175 555 4222 R.
571 4176 613 4224 Gr.
647 4179 685 4224 92.
704 4177 794 4237 Cypria.
806 4191 851 4236 pro
862 4192 892 4224 eo
908 4179 998 4239 Cyprus
1012 4177 1043 4226 G.
