3228 4982
373 483 416 540 46
710 477 914 541 Msxmmm
937 478 1085 542 Eisone.

417 628 470 691 Tu
484 626 621 713 pretium
636 627 715 691 tanti
731 627 823 691 dulce
839 629 957 692 cruoris
972 629 1041 692 eris.

374 728 423 792 Sit
436 729 531 792 modo
546 739 632 793 certa
646 729 734 806 fides,
750 741 846 816 atque
861 729 1044 794 inconcussa
1058 730 1211 806 voluntas,

416 830 499 905 Quae
514 830 592 894 nihil
606 829 768 896 imminuit
782 832 892 918 passio,
909 831 997 896 nulls
1010 831 1079 896 fuit.

373 932 434 996 His
448 943 574 1016 egomet
588 932 722 997 stimulis
737 934 876 1018 angebar
892 955 1025 1019 semper,
1042 944 1075 999 et
1088 935 1201 998 ardens

416 1033 635 1118 Languebsm,
650 1057 711 1099 nec
725 1057 795 1121 spes
810 1034 876 1099 ulla
890 1035 998 1099 salutis
1012 1047 1088 1100 erat.

373 1135 511 1200 Prodere
526 1157 590 1200 non
606 1159 698 1201 ausus
714 1137 864 1222 carpebar
878 1136 1008 1201 vulnere
1023 1148 1121 1214 muto,

418 1238 483 1302 Sed
497 1249 614 1324 stupor,
630 1250 663 1302 et
676 1239 793 1304 macies
807 1239 891 1303 vocis
905 1238 1044 1303 habebat
1058 1261 1145 1325 opus.

270 1401 274 1423 ‚
373 1340 438 1405 Hic
452 1341 539 1417 mihi,
555 1363 742 1424 magnarum
757 1352 911 1405 scrutator
923 1341 1061 1405 maxime
1077 1364 1193 1416 rerum,

269 1428 290 1459 ·›
417 1442 517 1518 Solus,
536 1443 640 1519 Bo'e'ti,
657 1443 718 1506 fers
733 1443 897 1507 miseratus
912 1463 1025 1527 opem:

373 1545 458 1608 Nam
473 1567 572 1631 quum
587 1567 639 1608 me
655 1545 737 1608 curis
758 1544 915 1608 intentum
930 1567 1013 1629 saepe
1028 1544 1160 1620 videres,

416 1647 486 1711 Nec
500 1669 604 1733 posses
619 1669 727 1711 causas
741 1668 869 1710 noscere
884 1645 1035 1710 tristitiae:

373 1749 520 1813 Tandem
535 1748 724 1835 prospiciens
738 1747 794 1812 tali
808 1769 861 1811 me
876 1758 964 1834 peste
978 1748 1088 1824 teneri,

416 1850 552 1915 Mitibus
567 1851 711 1936 alloquiis
725 1850 864 1936 pandere
880 1849 986 1914 clausa
994 1850 1098 1935 jubes.

373 1951 444 2028 Dic,
461 1953 514 2029 ait,
530 1953 616 2016 unde
631 1974 712 2017 novo
727 1963 888 2037 correptus
903 1953 1038 2038 corperis
1052 1951 1149 2036 igne?

416 2054 488 2130 Dic,
504 2076 624 2140 precor,
640 2064 673 2118 et
688 2052 763 2118 dicti
781 2076 870 2117 sume
885 2053 999 2128 doloris
1014 2076 1117 2139 opem.

373 2158 447 2222 Non
463 2157 615 2223 intellecti
630 2157 718 2221 nulla
732 2167 780 2222 est
794 2157 914 2221 curatio
927 2156 1040 2232 morbi,

417 2260 461 2323 Et
473 2260 574 2344 magis
588 2260 714 2323 inclusis
728 2260 853 2343 ignibus
868 2270 958 2324 antra
972 2258 1119 2322 fremunt

373 2361 462 2424 Dum
476 2361 579 2446 pudor
592 2371 639 2424 est
653 2371 719 2424 tam
735 2360 819 2424 foeda
833 2359 928 2445 loqui,
944 2358 1118 2445 vitiumque
1134 2360 1235 2436 fateri,

417 2462 555 2546 Agnovit
569 2461 656 2526 taciti
671 2459 795 2526 conscia
808 2460 897 2544 signa
910 2460 995 2524 mali.

374 2565 455 2630 Mox
469 2565 529 2630 ait:
555 2563 699 2630 Occultae
714 2564 787 2629 satis
802 2573 850 2628 est
864 2586 913 2627 res
927 2562 1051 2649 prodita
1066 2585 1178 2639 causae,

418 2668 506 2731 Pone
520 2677 652 2743 metum,
668 2667 794 2732 veniam
809 2666 854 2730 vis
869 2667 927 2731 tibi
942 2677 1031 2731 tanta
1045 2666 1141 2731 dabit

374 2770 549 2833 Prostratus
563 2768 696 2852 pedibus
710 2767 889 2832 verecunda
903 2766 1027 2831 silentia
1041 2768 1121 2852 rupi,

416 2871 500 2936 Cum
515 2868 652 2933 lacrimis
666 2867 804 2933 referens
820 2867 929 2932 ordine
944 2877 1058 2931 cuncta
1072 2890 1137 2932 suo.

374 2971 448 3050 Fac,
464 2972 518 3050 ait,
534 2983 569 3037 ut
583 2971 708 3058 placitae
722 2970 849 3058 potiaris
864 2993 996 3035 munere
1010 2969 1138 3048 formae3

418 3074 596 3159 Respondi:
621 3075 720 3159 pietas
735 3073 811 3138 talia
825 3072 905 3137 velle
921 3072 1010 3156 fugit

375 3174 514 3239 Solvitur
527 3175 560 3237 in
575 3175 683 3251 risum,
700 3174 888 3248 exclamans,
905 3173 983 3257 proh
996 3174 1004 3235 l
1026 3173 1107 3237 mira
1121 3173 1272 3260 voluptas,

417 3275 529 3338 Castus
544 3295 633 3338 amor
647 3272 790 3348 Veneris,
807 3271 912 3346 dicito,
929 3273 1056 3357 quando
1070 3272 1154 3336 fuit?

374 3376 507 3440 Parcere
522 3373 647 3438 dilectae
657 3373 783 3459 juvenis
799 3371 912 3435 desiste
927 3370 1060 3457 puellae:

417 3476 537 3563 Impius
550 3476 625 3541 huic
639 3475 744 3552 fueris,
761 3474 786 3539 si
801 3472 871 3560 pius
886 3495 952 3538 esse
967 3472 1061 3538 voles.

375 3578 553 3665 Unguibus,
570 3589 603 3643 et
616 3601 722 3644 morsu
736 3576 838 3641 teneri
852 3587 1023 3663 pascuntur
1037 3599 1175 3641 amores:

416 3682 558 3746 Vulnera
571 3704 635 3746 non
651 3681 775 3766 refugit,
791 3703 840 3744 res
854 3681 955 3764 magis
970 3692 1044 3766 apta
1057 3681 1169 3766 plagae.

373 3785 499 3848 Interea
513 3784 603 3848 donis
617 3782 792 3868 permulcet
807 3781 901 3845 corda
914 3791 1091 3866 parentum,

417 3887 460 3950 Et
473 3886 574 3972 pretio
588 3885 694 3950 faciles
709 3884 741 3948 in
756 3906 829 3948 mea
842 3894 915 3948 vote
928 3883 1032 3948 trahit.

372 3987 453 4050 Auri
468 4011 572 4053 coecus
586 4011 674 4053 amor
688 3987 830 4053 nativum
845 3987 942 4052 vincit
957 4009 1113 4052 amorem:

417 4089 590 4174 Coeperunt
604 4101 687 4155 natae
703 4091 822 4154 crimen
838 4112 943 4155 amare
959 4112 1033 4154 suae.
