3228 4982
538 463 742 528 Maxumum
766 465 920 530 Ennmm'·
1206 476 1248 533 45

200 610 319 696 Captus
335 633 441 675 amore
455 623 511 676 tuo
526 613 666 690 demens,
684 615 844 701 Aquilius,
861 617 993 693 ferebar,
1228 626 1248 683 5

244 713 384 777 Pallidus
398 723 431 778 et
445 715 548 792 tristis,
566 727 674 801 captus
689 740 796 781 amore
811 728 875 782 tuo.

200 814 351 880 Nondum
365 817 444 903 quid
457 816 497 881 sit
511 841 608 894 arnor,
625 819 675 883 vel
690 820 768 907 quid
783 821 891 885 Venus
906 821 999 906 ignea
1013 825 1141 888 noram:

242 915 430 1003 Torquebar
443 919 545 1003 potius
560 919 731 984 rusticitate
746 943 827 984 mea.

199 1015 267 1081 Nec
282 1019 387 1083 minus
401 1019 456 1084 illa
469 1044 542 1085 mea
556 1038 703 1107 percussa
717 1045 736 1086 a
751 1023 888 1108 cuspide,
905 1025 1038 1108 flagrans

242 1120 386 1198 Errabat,
403 1132 470 1187 tota
484 1137 548 1187 non
563 1123 717 1209 capienda
731 1124 834 1188 domo.
1208 1134 1246 1192 10

200 1221 351 1300 Stamina,
367 1247 464 1309 pensa
478 1224 588 1309 procul
603 1225 737 1289 nimium
753 1225 868 1290 dilecta
877 1228 1045 1312 jacebant:

242 1323 333 1388 Solus
348 1348 437 1390 amor
451 1327 537 1390 cordi
553 1349 692 1414 curaque
707 1350 833 1412 semper
846 1340 922 1392 erat

197 1424 267 1488 Nec
283 1427 419 1512 reperire
434 1428 527 1504 viam,
544 1451 608 1515 qua
622 1451 744 1493 coecum
759 1443 901 1514 pasceret
916 1432 1032 1516 ignem,

240 1526 352 1604 Docta,
369 1551 428 1593 nec
442 1530 569 1594 alternis
585 1531 716 1595 reddere
732 1533 829 1596 verba
843 1533 933 1597 notis.

197 1628 339 1694 Tantum
354 1630 387 1694 in
403 1643 571 1716 conspectu
587 1633 689 1696 studio
704 1635 863 1718 perstabat
877 1635 973 1712 inani,
1207 1642 1245 1700 15

239 1731 345 1796 Anxia
359 1732 409 1797 vel
424 1733 489 1797 solo
503 1733 624 1797 lumine
640 1734 735 1798 corda
749 1735 866 1799 fovens
910 1773 919 1786 ·

197 1831 255 1896 Me
269 1835 450 1919 pedagogus
465 1835 540 1911 adit,
556 1835 644 1900 illam
659 1836 833 1901 tristissima
846 1849 949 1902 mater

240 1935 402 2011 Servabat
418 1937 498 2001 tanti
513 1960 608 2023 poena
622 1939 760 2002 secunda
774 1938 859 2002 madi.

196 2036 454 2124 Prensabantque
469 2039 574 2102 oculos
589 2049 746 2125 nutusque
760 2062 818 2125 per
832 2041 938 2105 omnia
952 2051 1081 2117 nostros,

239 2138 367 2225 Quique
382 2140 461 2204 solet
474 2141 589 2205 mentis
604 2142 720 2205 ducere
736 2141 824 2225 signa
839 2141 932 2206 color.

196 2239 283 2304 Dum
299 2240 397 2317 licuit,
413 2251 521 2306 votum
536 2243 630 2306 tacite
646 2243 885 2327 compressimus
900 2245 1003 2321 ambo,
1054 2279 1069 2310 s

238 2342 282 2406 Et
296 2343 382 2408 varia
396 2343 503 2407 dulces
518 2343 654 2408 teximus
668 2354 735 2408 arte
750 2345 846 2410 dolce.

195 2443 240 2507 At
253 2454 419 2531 postquam
433 2455 575 2510 teneram
591 2447 676 2532 rupit
690 2447 881 2512 verecundia
895 2448 1041 2525 frontem,

238 2546 308 2610 Nec
322 2546 421 2610 valuit
435 2548 559 2632 penitus
574 2549 704 2612 flamma
718 2559 845 2633 recepta
858 2549 933 2632 tegi,

196 2646 275 2712 Mox
290 2659 415 2735 captare
430 2649 513 2714 locos
528 2661 561 2713 et
575 2660 719 2735 tempora
733 2650 885 2736 coepimus
900 2652 1004 2728 ambo,

238 2751 345 2838 Atque
361 2751 532 2837 superciliis
546 2751 781 2839 luminibusque
797 2751 900 2839 loqui:

137 2839 143 2842 ⁸
196 2851 318 2917 Fallere
334 2853 489 2930 sollicitos,
506 2876 669 2940 suspensos
683 2877 801 2939 ponere
815 2877 947 2937 gressus,

238 2954 281 3018 Et
295 2965 362 3019 tota
375 2954 463 3018 nullo
478 2976 603 3018 currere
617 2963 711 3017 ¹nocte
726 2975 811 3016 sono.

195 3056 264 3122 Nec
278 3056 409 3141 longum
417 3082 426 3134 3
449 3056 593 3142 genetrix
608 3055 759 3119 furtivum
774 3054 870 3118 sensit
885 3077 1041 3121 amorem:

237 3157 280 3221 Et
293 3159 452 3223 medicare
470 3180 582 3245 parans
597 3157 729 3224 vulnera
743 3157 934 3235 vulneribus,

193 3259 365 3346 Increpitat
379 3260 553 3348 caeditque:
577 3261 664 3346 ignes
680 3284 753 3325 cum
768 3261 900 3325 verbere
915 3273 1068 3340 crescunt,

238 3362 284 3426 Ut
298 3363 377 3427 solet
390 3364 514 3448 adjecto
530 3385 668 3428 crescere
684 3364 813 3428 flamma
828 3385 912 3448 rogo.

193 3463 383 3549 Concipiunt
396 3465 560 3548 gemimun
574 3464 740 3547 flagrantia
754 3465 848 3528 corda
863 3464 1010 3540 furorem,

236 3565 279 3628 Et
294 3565 337 3628 sic
352 3565 507 3651 permixto
522 3564 612 3628 saevit
626 3586 732 3628 amore
748 3564 845 3628 dolor.

192 3662 286 3730 Tunc
300 3688 352 3730 me
368 3666 537 3732 visceribus
551 3664 717 3752 perterrita
731 3665 845 3752 quaerit
859 3664 988 3742 anhelis,

236 3768 368 3833 Emtum
383 3769 540 3856 suppliciis
555 3791 651 3856 quem
666 3779 757 3854 putat
771 3791 838 3832 esse
853 3766 925 3832 suis.

192 3871 264 3935 Nec
276 3893 452 3936 memorare
467 3872 576 3958 pudet,
591 3881 761 3956 turpesque
777 3871 923 3935 evoluere
938 3880 1047 3946 vestes,

219 4054 223 4060 ι
235 3973 340 4038 Immo
355 3974 451 4038 etiam
465 3974 606 4058 gaudens
620 3972 757 4058 imputat
771 3972 825 4037 illa
839 3971 926 4036 mihi.

193 4074 255 4138 Pro
269 4085 301 4138 te
318 4085 475 4160 susceptos
485 4077 587 4160 juvat,
603 4074 715 4160 inquit,
732 4074 813 4138 ferre
829 4073 967 4138 dolores:
