3228 4982
418 441 460 504 Is
479 441 724 512 Μιιιιιιιιιιιιιι
742 442 1062 508 Wuuusuourrsms.
1208 451 1266 510 101

216 584 274 630 tore
287 576 425 630 defensore
439 576 527 646 Trojae
541 577 601 632 vide
617 579 689 632 looos
702 585 832 645 veterum,
847 596 914 649 quos
927 580 1087 634 adduximus
1100 581 1133 634 ad
1144 583 1270 636 Pentadii

217 647 367 702 Tumulum
379 647 515 713 Hectoris,
531 649 617 702 Tomo
629 649 667 702 iii.
682 650 713 703 P.
729 648 770 702 Μ.
784 668 810 719 p.
824 655 875 703 277
889 656 1060 720 seq—43.
1086 650 1213 706 Muneris
1226 656 1269 706 in·

207 719 309 786 juncti,
330 718 348 772 i.
364 736 386 771 e.
404 717 547 787 legationis
565 720 823 774 mandatu—49.
850 721 1010 789 Vacuusque
1029 724 1140 775 recessit
1157 721 1269 792 Ardor]

216 806 301 841 vanus
320 795 347 841 et
365 788 436 841 iners
455 806 580 842 successu
598 789 692 842 caruit.
730 789 809 844 Ovid.
830 789 898 844 Met.
916 791 961 844 vii.
977 797 1037 856 766,
1058 792 1169 846 decane
1186 793 1270 846 feram

15 906 18 918 ,
217 864 410 928 persequente:
430 860 580 928 similisque
597 863 697 912 tenenti
713 878 764 913 non
785 867 863 924 tenet,
879 869 906 913 et
922 879 1020 915 naeuos
1037 872 1144 916 exercet
1159 866 1188 915 in
1202 882 1271 916 aera

13 940 22 1007 s·
217 933 446 982 morsus—50.
467 930 501 981 In
521 931 649 982 Venerem
665 927 770 997 seqnis]
791 930 868 998 Virg.
888 930 944 983 AEn
971 932 1007 985 xi.
1027 938 1094 986 735:
1116 933 1157 986 At
1172 951 1225 987 non
1242 936 1270 987 in

226 1000 353 1052 Venerem
367 1017 469 1067 seques,
487 1008 671 1068 nocturnoque
686 1001 765 1053 bellu.
803 1000 878 1053 Idem
899 1001 999 1069 Georg.
1013 1001 1051 1056 iii.
1065 1008 1115 1056 97:
1137 1004 1271 1070 Friqidus

218 1070 247 1121 in
273 1070 401 1122 Venerem
419 1072 633 1123 senior—55.
660 1072 760 1123 Omnes
777 1073 939 1124 uerecundia
958 1080 1045 1125 motus
1063 1069 1149 1140 abst]
1174 1075 1271 1128 Motus

225 1140 338 1192 Veneris
356 1139 422 1192 dicit
441 1139 519 1193 Ovio.
540 1139 603 1192 Am.
623 1139 651 1194 ii.
674 1145 714 1205 10,
735 1145 778 1194 35.
818 1141 923 1192 Pariter
940 1142 1070 1210 pudorem
1089 1149 1272 1213 terroremque

218 1209 270 1262 sibi
287 1209 410 1262 nocuisse
429 1210 551 1280 queritur
572 1208 651 1263 Ovid.
673 1210 736 1266 Am.
761 1210 798 1263 iii.
820 1217 845 1276 7,
866 1216 916 1264 36:
946 1213 1010 1265 Huc
1024 1215 1118 1280 pudor
1140 1217 1271 1268 accessit:

209 1281 289 1349 sacti
300 1282 394 1348 pudor
406 1283 465 1347 ipse
482 1281 614 1339 noeebnt;
635 1282 688 1333 Ille
697 1282 761 1350 fuit
776 1283 839 1334 uitii
854 1299 938 1334 ceusu
953 1285 1071 1334 secunda
1090 1285 1149 1336 mei.
1188 1283 1272 1337 Plura

218 1367 252 1402 ex
263 1349 314 1402 hae
326 1350 413 1418 elegia
425 1349 515 1404 Ovidii
528 1352 560 1403 de
572 1351 730 1420 impotentia
742 1368 791 1403 sua
803 1351 939 1421 querentis
953 1353 1062 1421 repetiit
1075 1353 1269 1419 Maximianus,

219 1437 279 1490 qnae
292 1420 385 1474 deinee
404 1438 417 1473 s
434 1421 523 1473 sitatis
539 1427 645 1473 tantum
662 1421 727 1474 loeis
744 1420 1046 1476 indicabimus—58.
1067 1425 1177 1491 Diqitis
1194 1424 1271 1478 solli·

219 1494 305 1544 citare
322 1438 403 1558 seriei)
414 1490 493 1545 Ovid.
514 1490 577 1544 Am.
595 1491 633 1544 iii.
654 1497 679 1556 7,
699 1496 858 1545 74.--60.
877 1493 1001 1558 Restitit,
1022 1494 1159 1559 remansit,
1179 1511 1270 1563 perse-

218 1561 328 1614 veravit.
367 1561 430 1615 vid.
444 1560 523 1630 Eleg.
537 1561 565 1614 ii.
579 1565 622 1614 27.
662 1560 696 1613 In
708 1563 869 1631 mediofoco
882 1569 984 1630 partem
1000 1563 1075 1615 illam
1087 1564 1202 1616 mediam
1215 1564 1271 1634 sig-

218 1638 274 1695 nat,
295 1631 323 1684 in
342 1649 395 1700 qua
413 1631 530 1684 maxime
548 1631 618 1684 calet
636 1631 740 1685 Venus.
777 1631 855 1685 Coni.
876 1631 953 1700 Eleg.
967 1632 985 1685 i.
999 1637 1042 1686 84.
1081 1632 1114 1685 In
1132 1651 1165 1686 eo
1173 1636 1273 1704 sripus

218 1701 349 1755 restitisse
358 1701 433 1767 dicit,
448 1701 673 1771 quemadmodum
685 1701 760 1754 focus
772 1701 830 1770 ipse
841 1703 933 1769 ulqere
945 1702 1052 1767 dicitur,
1068 1703 1095 1754 in
1109 1721 1163 1774 quo
1179 1705 1272 1758 nullus

218 1771 289 1840 ignis
307 1789 442 1825 accensus.
481 1771 602 1825 Martial.
615 1771 670 1824 viii.
685 1777 728 1836 67,
743 1776 885 1825 6.-6⁶2.
906 1773 1007 1826 Fessus
1024 1776 1064 1826 ad
1078 1792 1157 1826 orma
1171 1771 1270 1842 redis]

221 1841 300 1895 Ovid.
320 1843 338 1896 l.
359 1860 382 1895 e.
401 1861 425 1895 v.
441 1847 601 1895 80.--63.
627 1843 709 1894 Curis
727 1844 845 1894 animum
864 1840 1002 1910 merdam]
1023 1842 1119 1897 Horat.
1141 1843 1232 1898 Garm.
1252 1845 1271 1899 i.

223 1916 263 1978 18,
278 1918 311 1966 4:
332 1914 429 1981 Neque
453 1913 602 1965 Mordnces
615 1913 697 1965 aliter
709 1913 860 1982 diffuqiunt
871 1913 1076 1966 sollicitudines.
1114 1913 1191 1984 Virg.
1206 1914 1270 1969 AEn.

218 1982 236 2036 i.
251 1988 300 2035 061
314 2003 319 2035 :
347 1984 466 2045 Quando
477 1981 535 2035 lec
547 1991 572 2035 te
585 2000 652 2035 euru
667 1984 925 2036 remordet—64.
939 1983 999 2036 Nee
1006 2001 1089 2051 posse
1102 1986 1141 2037 ud
1152 1982 1271 2053 lusum]

218 2053 237 2106 i.
257 2071 280 2107 o.
299 2053 438 2107 libidinem
457 2060 484 2106 et
502 2053 646 2106 lasciviam.
685 2052 747 2106 Vid.
767 2052 845 2121 Eleg.
866 2052 893 2105 ii.
914 2058 1073 2106 69.--65,
1097 2055 1161 2108 Non
1170 2055 1269 2125 falles,

220 2125 316 2192 inquit,
331 2119 492 2190 amantem]
512 2122 589 2192 Virg.
605 2122 669 2174 AEn.
682 2122 716 2174 iv.
730 2127 798 2176 296:
820 2123 861 2176 At
877 2125 973 2191 rapina
991 2125 1066 2177 dolos
1081 2126 1156 2193 (quis
1164 2126 1272 2247 [ellare

214 2197 306 2262 possit
318 2193 465 2259 amantem)
481 2195 752 2247 Praesensit.--66.
768 2194 896 2246 Plurima
909 2212 931 2247 c.
947 2211 998 2247 um.
1013 2195 1149 2248 luminas.
1183 2193 1271 2263 ubet]

221 2263 299 2317 Ovid.
314 2264 377 2317 Am.
390 2264 428 2318 iii.
444 2269 470 2329 4,
485 2268 534 2316 20:
561 2264 673 2316 Centum
682 2265 780 2333 fronte
798 2265 897 2328 oeulos,
918 2273 1021 2316 eentum
1040 2267 1143 2318 cervice
1159 2266 1273 2334 parebat

220 2335 323 2402 Arqus,
339 2344 365 2388 et
376 2334 425 2388 los
437 2351 506 2386 unns
518 2351 589 2402 saepe
593 2335 701 2404 fefellit
707 2333 803 2387 Amor.
835 2332 912 2386 Idem
926 2333 994 2387 Met.
1008 2333 1044 2388 iv.
1058 2339 1110 2388 68:
1132 2336 1209 2397 Quid
1219 2354 1272 2390 non

219 2408 301 2458 sentit
312 2423 397 2470 amor,
408 2407 497 2473 primi
505 2407 630 2458 'sensistis
642 2409 890 2458 amantes—69.
917 2405 1052 2458 Curerum
1066 2409 1193 2474 pondera
1210 2425 1271 2459 sen-

219 2473 280 2543 sus]
301 2477 415 2529 Pondus
427 2493 554 2528 curarum
564 2474 705 2544 aliquoties
715 2474 783 2526 dixit
795 2473 906 2539 Statius,
919 2481 950 2527 ut
961 2475 1044 2529 Theb.
1059 2475 1094 2528 iv.
1105 2481 1148 2529 39.
1162 2476 1198 2529 ix.
1209 2482 1272 2530 575.

219 2545 258 2598 Et
270 2545 413 2601 Lueretius
426 2544 574 2614 quamlibet
586 2561 676 2597 euram
694 2551 721 2596 et
737 2544 901 2597 anxietatem
917 2547 1004 2597 animi
1014 2547 1124 2612 pondus
1140 2546 1270 2612 nominat,

220 2615 266 2669 lib.
281 2616 320 2670 iii.
336 2621 421 2669 1067:
444 2617 478 2668 Si
488 2622 603 2683 possent
617 2613 746 2680 homines,
756 2616 875 2682 proinde
888 2632 922 2667 ue
933 2617 1033 2668 sentire
1046 2617 1179 2681 videntur,
1194 2617 1272 2670 Pen-

221 2689 271 2740 dus
290 2690 375 2740 inesse
394 2688 492 2751 animo,
507 2687 583 2754 quod
598 2702 627 2738 se
644 2687 782 2752 pravitate
792 2685 908 2754 fntiqet,
930 2690 1097 2740 ete.·-—-70.
1111 2687 1273 2740 Intermissa

220 2759 340 2823 sarcina,
364 2755 485 2826 deposita
501 2754 535 2808 ad
557 2762 671 2824 tempus.
710 2754 789 2809 Ovid.
810 2770 844 2807 ex
863 2755 941 2808 Pont.
961 2754 999 2808 iii.
1020 2761 1046 2823 7,
1070 2760 1117 2810 14:
1137 2758 1204 2810 Jnm
1223 2758 1275 2812 tibi

253 2978 292 3022 42.
313 2976 377 3022 Unde
388 2991 433 3021 non
440 2991 465 3035 p.
474 2975 511 3035 fr.
523 2989 574 3034 sup.
583 2974 658 3033 fidem
670 2971 699 3019 L.
720 2987 856 3032 exsuperare
867 2986 940 3018 senem
950 2969 982 3017 R.
1016 2975 1054 3019 43.
1075 2972 1182 3018 Muneris
1192 2972 1274 3018 invicti

221 3054 305 3086 omnes
316 3037 436 3099 impressi.
464 3040 528 3087 Mun.
540 3038 645 3098 uely'uneti
656 3036 688 3083 V.
706 3035 749 3083 Gr.
776 3037 875 3097 injuncti
886 3033 1061 3083 correctumin
1074 3035 1104 3082 V.
1118 3042 1143 3081 et
1155 3035 1185 3082 L.
1211 3035 1272 3082 Om-

221 3119 334 3151 merenus
344 3103 419 3150 etium
430 3101 530 3163 conjicit
542 3103 641 3163 injuncti
651 3100 690 3146 vel
699 3101 790 3156 indicti,
801 3100 839 3147 vel
851 3097 931 3146 simile
943 3098 1010 3161 quid.
1057 3104 1096 3146 44.
1116 3100 1205 3146 Editus
1215 3101 1270 3161 imp.

224 3167 255 3214 G.
267 3185 317 3229 sepe
334 3169 391 3228 Cup.
409 3168 441 3216 R.
485 3171 525 3215 46.
544 3165 694 3226 Subjeotusfl.
710 3164 740 3211 L.
788 3166 827 3212 47.
846 3165 892 3210 Sed
903 3165 961 3210 milri
974 3163 1005 3211 V.
1021 3163 1051 3211 L.
1067 3163 1098 3211 G.
1122 3165 1212 3210 etmilri
1226 3165 1270 3212 Gr.

221 3235 335 3293 quondum
346 3249 392 3279 nos
403 3233 475 3295 offuit
485 3234 561 3278 omniu
572 3231 640 3277 solut
653 3229 684 3276 R.
705 3237 727 3276 et
737 3231 852 3290 suusullit
865 3230 931 3275 Mun.
944 3231 1028 3289 prend.
1043 3230 1084 3276 sis
1094 3230 1202 3275 αᾱιιιπάα
1213 3229 1270 3278 uiro.

224 3296 254 3343 G.
302 3301 341 3345 50.
369 3298 399 3344 Ut
412 3305 466 3344 unte
475 3298 535 3358 fuit.
558 3295 589 3342 V.
608 3294 651 3342 Gr.
695 3297 734 3340 51.
757 3293 1037 3355 propensissimis.
1082 3297 1122 3340 55.
1147 3295 1274 3356 Stupuique

220 3362 278 3407 milri
288 3378 356 3410 vereu
370 3361 401 3409 V.
420 3362 463 3408 Gr.
481 3362 567 3423 stupui,
579 3361 636 3420 quin
646 3366 780 3406 manseres.
796 3359 826 3405 L.
846 3359 969 3420 stupetque
980 3374 1020 3418 eqo
1030 3373 1075 3404 ver.
1093 3357 1124 3404 G.
1161 3360 1199 3405 57.
1214 3359 1272 3405 Flo-

218 3428 313 3488 qruntin
330 3428 433 3472 mentire.
455 3425 486 3472 V.
502 3425 532 3471 R.
549 3425 593 3471 Gr.
612 3422 641 3469 L.
668 3421 710 3469 sed
726 3421 875 3481 praeferenda
890 3429 927 3468 est
943 3420 1044 3482 vulgata
1060 3420 1134 3467 lectio
1144 3423 1269 3482 sriqentio.

223 3487 279 3537 Vid.
292 3507 313 3536 v.
327 3494 366 3538 60.
400 3493 439 3538 69.
459 3491 504 3536 Nil
513 3491 582 3535 tertis
594 3489 687 3548 profuit
697 3487 744 3533 illis
757 3486 788 3533 A.
806 3485 836 3532 Β.
853 3485 901 3532 Ριι.
918 3483 957 3532 Pi.
972 3492 997 3531 et
1008 3484 1070 3530 aliae.
1093 3491 1168 3530 taetus
1178 3483 1273 3544 profuit

221 3555 268 3601 iliis
288 3553 345 3614 Bip.
366 3561 393 3600 et
409 3552 470 3602 aliae.
498 3555 533 3599 nil
547 3559 622 3599 metus
635 3567 673 3612 pr.
692 3552 758 3597 uuus.
780 3550 810 3596 V.
827 3549 857 3596 R.
871 3550 915 3596 Gr.
932 3548 961 3595 L.
1006 3553 1045 3596 60.
1068 3549 1175 3594 Perstitit
1193 3548 1225 3596 V.
1240 3549 1271 3597 R.

224 3617 267 3665 Gr.
284 3618 313 3666 G.
334 3619 398 3664 tlroro
410 3634 456 3679 pro
466 3620 529 3679 soro.
543 3616 574 3663 V.
606 3622 630 3662 et
647 3623 696 3662 toro
712 3613 845 3675 legendum
862 3619 934 3674 putat
948 3611 1034 3659 Burm.
1050 3612 1152 3659 Anthol.
1170 3619 1230 3660 tom.
1243 3611 1269 3661 ii.

220 3699 245 3743 p.
260 3687 315 3731 556.
368 3687 408 3730 62.
425 3683 603 3744 lljusabampi
620 3680 650 3727 G.
674 3680 845 3741 adamplerum
860 3677 903 3724 Gr.
939 3681 979 3725 63.
1002 3678 1224 3738 Morduoibusanqi.
1239 3676 1270 3726 P.

221 3751 259 3794 65.
275 3749 330 3794 Non
335 3747 407 3808 salies
420 3748 498 3808 inquit
507 3761 605 3794 umorem
618 3745 647 3791 B.
662 3743 701 3791 Pi.
717 3744 748 3791 Ο.
762 3743 798 3790 H.
812 3741 869 3802 Bip.
893 3743 970 3803 inquit
980 3758 1042 3788 nuno
1050 3743 1121 3802 sullis
1132 3757 1229 3788 morem
1241 3742 1272 3790 L.

221 3813 299 3873 inquis
310 3827 344 3860 ms
354 3813 548 3873 fallisumantem
560 3810 591 3856 V.
619 3809 768 3869 nomiuquit,
780 3809 850 3869 follis
866 3814 985 3853 amomum.
1004 3806 1034 3853 R.
1051 3806 1082 3852 G.
1129 3809 1168 3853 66.
1192 3805 1274 3854 Certus

221 3892 291 3923 umor.
311 3877 342 3924 V.
358 3876 402 3924 Gr.
412 3877 441 3924 G.
486 3876 525 3924 67.
547 3875 611 3929 Quin
626 3872 824 3919 mansuetavit.
850 3872 944 3932 placido
960 3869 1061 3932 quidem
1078 3869 1201 3930 pleraeque
1217 3869 1272 3920 edd.

221 3939 264 3988 sed
279 3942 372 4002 placido
393 3939 492 3988 ridetur
511 3946 606 3986 rectum
628 3952 686 3992 esse,
705 3935 773 3998 quod
796 3936 826 3983 G.
846 3936 927 3982 habet.
978 3939 1017 3982 68.
1037 3934 1072 3980 Et
1089 3950 1192 3981 movere
1200 3935 1270 3995 jocis.

223 4005 255 4052 A.
270 4004 300 4051 B.
315 4003 354 4051 Pi.
372 4004 402 4052 0.
420 4005 468 4053 Pu.
496 4019 604 4050 renovare
613 4003 677 4064 jonis
697 4000 728 4047 R.
744 3997 910 4061 Ripetaliae.
935 3999 1101 4059 renouarejooo
1113 3997 1144 4046 V.
1158 3997 1187 4045 L.
1207 4000 1273 4061 jonos

218 4069 268 4116 Gr.
295 4069 325 4117 G.
376 4073 415 4118 69.
439 4070 570 4118 obtendunt
588 4066 627 4114 vel
652 4066 779 4129 Offendunt
797 4065 883 4127 siquid.
907 4064 938 4111 V.
973 4065 1108 4112 obtundunt
1126 4063 1207 4126 siquid
1227 4063 1271 4112 Gr.

229 4135 364 4180 obtundunt
380 4135 482 4196 squidem
496 4132 527 4180 R.
561 4132 690 4179 Ostendunt
706 4145 791 4192 semper
802 4144 908 4176 surarum
916 4130 1020 4190 pondera
1031 4144 1109 4176 sensus
1124 4127 1155 4176 G.
