3228 4982
342 441 385 501 98
613 435 720 502 Nora
736 455 779 499 nr
794 435 915 500 Vanum
932 435 1127 501 anmouus

344 587 467 626 murmur
483 571 516 625 de
531 571 671 638 submisso,
686 571 740 626 leni
757 579 785 626 et
801 579 904 626 secreto
922 578 1012 626 eantu.
1050 571 1148 627 Manil.
1162 589 1187 626 v.
1201 577 1271 627 335:
1292 577 1400 628 secreta

345 643 460 696 mauebit
478 643 618 709 Carmina,
624 643 735 712 furtivo
752 645 907 696 modulatas
919 659 1053 696 marmure
1066 647 1281 697 vacem—iti.
1295 643 1398 714 Afflic-

346 721 402 767 tam
414 715 524 766 nimium
540 715 684 766 miseratus
700 710 859 781 amantem]
892 712 1022 782 Respexit
1035 713 1181 781 Virgilium
1197 713 1262 766 AEn.
1276 713 1311 768 iv.
1325 719 1396 768 370:

346 783 421 836 Num
430 784 559 836 lacrimas
568 785 654 836 uictus
664 785 740 836 dedit
748 792 798 836 aut
809 786 954 836 miseratus
964 792 1098 836 amantem
1108 785 1282 837 eat—16.
1292 785 1396 850 Grata,

345 856 449 906 micans
466 849 575 920 oeulis]
607 853 712 906 Auctor
724 853 843 922 Epithal.
858 853 945 922 Ausp.
960 872 984 906 v.
998 859 1045 906 47:
1067 855 1191 919 Blanda,
1210 855 1314 907 micans
1331 871 1396 908 aeu-

346 924 389 990 lis,
405 924 508 993 resupit
518 926 715 992 pede.-—l7.
729 926 823 977 Docta
837 925 913 992 loqui
925 921 1045 991 stipitis]
1077 923 1206 992 Intelligo
1218 924 1251 977 de
1263 932 1321 976 arte
1333 925 1397 993 pul-

346 994 422 1047 sandi
435 993 529 1064 lyram.
567 994 639 1048 Nam
652 994 689 1048 sis
703 994 803 1047 Tibull.
817 994 855 1047 iii.
869 1000 894 1059 4,
909 999 959 1046 41:
982 995 1041 1047 Sed
1055 1003 1203 1062 postquam
1216 995 1336 1064 fuerant
1352 996 1397 1047 di·

344 1065 399 1132 piti
411 1082 470 1116 eum
483 1083 545 1118 voce
562 1066 651 1119 locuti.
688 1064 727 1118 Et
744 1064 954 1118 instrumentum
972 1064 1105 1117 musicum
1123 1064 1199 1134 loqui
1216 1063 1281 1118 dieii
1298 1063 1397 1118 Manil.

346 1151 371 1188 v.
394 1140 463 1188 sal:
483 1135 525 1188 Et
543 1138 719 1204 qrcadcunque
742 1153 823 1187 mauu
848 1137 976 1203 loquitur,
995 1136 1126 1204 flatuque
1147 1143 1276 1188 mouetur.
1319 1134 1400 1188 Alias

346 1207 443 1273 stipitis
462 1207 538 1274 loqui
555 1213 595 1258 est
614 1205 691 1274 signa
708 1206 771 1258 dare
789 1212 869 1274 gestu
885 1212 912 1257 et
928 1204 1075 1258 vibratione
1092 1205 1248 1273 digitorum,
1263 1204 1401 1274 quomodo

349 1275 428 1328 Ovid.
444 1275 526 1330 Trist.
539 1276 567 1328 ii.
581 1281 649 1329 453:
670 1277 766 1343 diuitis
777 1293 812 1328 sa
832 1293 846 1328 e
859 1283 899 1328 est
916 1283 1034 1344 natuque
1051 1275 1335 1328 locutas.·--·18.Et
1352 1293 1397 1328 re·

349 1363 509 1413 spaasuram
531 1347 680 1400 sollicitare
700 1294 1000 1416 tyranrfrespondere
1018 1345 1077 1414 lyra
1095 1345 1148 1398 dici
1171 1351 1270 1414 potest,
1291 1345 1399 1415 quando

349 1433 427 1468 sonos
449 1417 544 1478 reddit,
567 1434 634 1486 quos
654 1433 750 1469 manus
771 1415 903 1484 pulsantis
924 1415 1041 1468 excitare
1061 1414 1159 1468 studet.
1197 1413 1294 1469 Horat.
1312 1418 1347 1468 A.
1366 1415 1398 1469 P.

350 1490 417 1538 348:
438 1487 514 1538 Nam
530 1505 614 1556 aeque
631 1486 734 1539 chorda
751 1504 845 1539 sanum
863 1488 963 1552 reddit,
978 1503 1056 1554 quem
1074 1487 1132 1538 vult
1148 1502 1244 1538 manus
1262 1492 1292 1538 et
1305 1503 1400 1544 mens,-

349 1557 530 1626 Pascentique
547 1575 659 1625 prauam
678 1575 803 1625 persape
825 1559 939 1609 remittit
957 1565 1073 1609 acutum.
1120 1555 1173 1609 Sed
1192 1555 1255 1625 quia
1273 1558 1399 1609 earmina

348 1634 551 1696 praeessemnt,
566 1627 637 1679 malo
649 1627 770 1680 hocloco
783 1643 973 1694 responsuram
990 1628 1078 1695 lpram
1095 1626 1215 1695 accipere
1232 1626 1266 1679 de
1282 1643 1322 1692 ea,
1338 1643 1400 1696 quae

349 1704 457 1750 santum
477 1704 504 1751 et
523 1697 731 1751 modulationem
751 1696 822 1750 vonis
841 1697 972 1766 sequitur,
985 1697 1063 1767 eique
1081 1697 1174 1749 modos
1193 1703 1221 1749 et
1238 1713 1317 1749 sonos
1336 1713 1400 1750 suos

348 1769 540 1832 accommodat,
556 1775 587 1821 ut
599 1768 675 1822 Eeho
691 1775 718 1820 et
733 1767 806 1821 silvae
822 1768 984 1837 respondent
1000 1767 1128 1820 cantanti.
1166 1766 1243 1836 Virg.
1257 1766 1316 1820 Eel.
1330 1783 1357 1820 x,
1372 1771 1399 1820 8.

349 1835 478 1906 Calpuru.
497 1837 552 1892 viii.
573 1843 615 1892 rt.
664 1837 708 1891 Sia
727 1838 761 1891 ad
785 1837 858 1891 tibiae
878 1845 987 1890 santum
1009 1837 1107 1890 saltare
1128 1837 1246 1906 Apuleio
1265 1843 1306 1889 est
1324 1839 1401 1890 malli

351 1909 480 1960 tibiarum
501 1927 566 1964 sona
586 1909 712 1962 delicatis
731 1910 893 1976 respendere
910 1909 1058 1976 pressibas,
1079 1907 1149 1961 Met.
1170 1923 1196 1960 x.
1219 1925 1246 1976 p.
1265 1912 1401 1960 235.--

352 1981 392 2032 19.
413 1978 495 2031 Illam
519 1975 662 2045 sireniis]
700 1978 836 2032 Potuisset
858 1979 985 2031 Sirenum
1009 1979 1133 2032 cantibus
1158 1977 1273 2031 seribere
1294 1983 1398 2044 auctor,

350 2047 482 2118 siquidem
494 2065 595 2118 gnarus
607 2049 710 2118 peceati
722 2049 780 2117 ejus
795 2048 823 2101 in
835 2055 922 2100 metro
934 2047 1037 2102 fuisset.
1065 2047 1161 2102 Claud.
1172 2046 1259 2101 Laud.
1275 2047 1332 2102 Ser.
1346 2053 1399 2102 23:

349 2121 485 2188 surdoque
503 2122 600 2172 carina
617 2121 733 2188 Remipe
751 2121 878 2172 Sirenum
896 2127 991 2171 cantus
1010 2127 1164 2171 transuecta
1182 2126 1297 2172 tenaces.
1337 2117 1399 2171 Sol-

349 2187 428 2242 lenne
445 2195 486 2243 est
498 2189 632 2243 veteribus
651 2207 760 2242 suavem
778 2189 922 2242 mulierum
934 2206 1027 2241 vocem
1045 2188 1171 2242 Sirenum
1188 2188 1280 2241 cantui
1296 2188 1401 2242 assimi-

349 2259 412 2312 lare.
451 2258 514 2312 Vid.
534 2267 628 2314 notata
646 2260 679 2312 ad
699 2277 807 2312 carmen
827 2259 955 2324 Petronii,
976 2266 1050 2312 tomo
1067 2259 1102 2311 iv.
1121 2259 1151 2312 P.
1166 2257 1206 2312 M.
1226 2277 1252 2328 p.
1266 2265 1401 2312 803.—-

348 2333 392 2382 20.
407 2329 488 2383 Alter
512 2330 622 2398 Ulysses
640 2325 716 2398 epa]
753 2328 829 2382 Male
846 2347 875 2382 se
893 2329 1008 2382 alterum
1027 2329 1153 2398 Ulyssem
1171 2336 1249 2382 vocat
1268 2328 1399 2382 Maximi·

349 2415 425 2464 anus,
440 2398 487 2468 qui
499 2397 567 2451 nihil
578 2399 677 2464 minus,
692 2416 773 2468 quam
785 2398 955 2468 prudentiam
969 2399 1074 2470 Ulyssis
1086 2399 1115 2452 in
1128 2399 1260 2452 evitandis
1275 2399 1401 2453 Sirenum

350 2469 466 2539 seopulis
482 2468 603 2522 imitatus
616 2477 665 2534 est,
680 2469 734 2523 imo
750 2468 840 2538 ipsum
857 2470 914 2538 ejus
931 2487 1029 2522 nomen
1046 2469 1080 2522 ad
1096 2469 1237 2538 scopulum
1254 2470 1334 2523 metri
1350 2471 1399 2523 ad·

348 2540 449 2593 haerere
467 2539 539 2594 feeit.
577 2539 640 2593 Alio
661 2540 707 2592 uin
726 2541 796 2594 alter
821 2541 930 2609 Ulysses
954 2539 1094 2609 proverbio
1113 2540 1212 2593 dieitur
1228 2540 1309 2592 homo
1327 2540 1402 2594 vafer

349 2616 376 2664 et
392 2611 513 2664 callidus.
551 2610 630 2664 Unde
674 2629 734 2664 arro
746 2611 774 2663 in
789 2611 893 2680 Satyris
911 2610 966 2663 suis
980 2611 1163 2678 Sesealpssem
1181 2609 1259 2679 quasi
1274 2610 1398 2679 sesqui...

350 2681 484 2752 Ulyssem,
499 2681 554 2734 sive
568 2681 692 2750 Ulyssem
706 2699 790 2734 unum
808 2681 945 2750 integrum
963 2687 990 2733 et
1006 2680 1147 2732 dimidium
1164 2680 1241 2746 dixit,
1274 2698 1304 2732 ro
1323 2697 1399 2734 sum·

350 2767 393 2804 me
415 2758 513 2816 astuto,
534 2769 565 2803 ae
584 2757 732 2804 veteratore
750 2751 829 2820 plane
848 2750 974 2820 expolito.
1011 2751 1081 2804 Plin.
1100 2749 1174 2820 praef.
1194 2751 1228 2803 ad
1276 2749 1319 2804 ist.
1334 2750 1399 2804 Nat.

349 2825 464 2874 --2a
487 2822 571 2874 Certa
592 2840 621 2874 se
642 2823 700 2889 lepe
721 2818 880 2888 mouentes]
916 2820 998 2875 Certo
1017 2826 1094 2872 motu
1113 2827 1140 2874 et
1158 2820 1256 2891 aequali
1273 2837 1401 2874 mensura

349 2907 486 2959 passuum.
523 2891 632 2945 Petron.
648 2909 705 2961 sap.
723 2897 788 2945 126:
809 2894 927 2945 incessus
939 2899 995 2944 tate
1007 2893 1178 2959 compositas,
1193 2900 1220 2944 et
1235 2909 1268 2944 ne
1283 2893 1401 2959 uestipia

351 2963 458 3030 quidem
478 2964 579 3030 pedum
601 2971 680 3016 entra
704 2980 857 3016 mensuram
878 2964 1173 3015 aberrantia—24.
1196 2963 1402 3031 Suspensaeque

351 3034 427 3086 nouis
443 3034 589 3101 plausibus
609 3035 650 3086 ire
666 3030 780 3101 pedes]
810 3032 899 3085 Malui
914 3033 1060 3101 plausibus
1080 3049 1094 3084 e
1114 3032 1190 3086 codd.
1210 3031 1306 3102 msptis
1325 3033 1401 3098 dare,

351 3119 431 3172 quam
440 3104 580 3170 passibas,
595 3103 658 3172 quia
670 3121 778 3172 gressus
790 3104 869 3156 modo
881 3102 1038 3168 nominavit,
1053 3109 1080 3155 et
1093 3101 1139 3154 his
1151 3103 1183 3156 de
1196 3102 1302 3156 incessu
1314 3120 1403 3156 sermo

350 3189 408 3225 esse
420 3171 526 3226 videtur
542 3174 575 3226 ad
591 3173 674 3226 ritum
693 3173 808 3225 saltandi
826 3167 982 3242 composito,
998 3172 1104 3242 quando
1116 3173 1184 3242 pede
1196 3190 1259 3226 mox
1271 3189 1402 3242 suspenso

349 3259 411 3293 mox
436 3243 546 3309 apploso
569 3243 778 3310 ingrediebatur.
823 3243 900 3296 Alias
925 3243 1029 3295 choreis
1053 3250 1132 3311 aptus
1156 3243 1255 3312 pedum
1279 3243 1401 3313 plausus.

383 3439 420 3490 ll.
434 3437 502 3484 Nunc
521 3437 618 3483 aderant
635 3437 743 3492 lacrima,
759 3438 859 3497 gemitus
877 3433 906 3481 B.
926 3432 964 3482 Pi.
984 3434 1015 3482 0.
1034 3434 1072 3482 Η.
1096 3437 1166 3484 Nune
1182 3441 1282 3512 gemitus
1301 3439 1401 3485 lacrima

350 3504 448 3550 aderant
459 3502 489 3548 G.
507 3503 608 3562 aespiria
624 3503 698 3558 pallor
707 3501 738 3548 R.
747 3501 791 3548 Gr.
802 3501 831 3548 G.
842 3499 871 3547 B.
887 3503 1005 3563 pallorque
1019 3499 1057 3547 Pi.
1069 3500 1100 3548 0.
1112 3501 1147 3548 Η,
1161 3501 1218 3563 Brp.
1261 3505 1296 3549 ts.
1309 3505 1401 3561 Afflieto

347 3569 442 3614 nimiam
457 3570 505 3614 mis.
518 3582 592 3614 amore
607 3565 636 3614 B.
649 3565 687 3613 Pi.
701 3566 732 3614 0.
747 3565 782 3612 Η.
799 3572 824 3612 et
840 3563 901 3622 etiae,
919 3567 1027 3626 afflictam
1043 3583 1065 3613 n.
1082 3569 1131 3613 mis.
1147 3574 1260 3614 amantem
1277 3565 1307 3613 V.
1323 3566 1354 3613 R.
1369 3565 1400 3616 L.

350 3630 380 3678 P.
396 3632 427 3679 G.
452 3634 492 3680 Sia
508 3633 569 3678 uelat
590 3630 622 3676 R.
641 3632 672 3679 G.
719 3635 756 3678 15.
774 3633 878 3693 Egregia
890 3627 970 3691 fhrma
989 3633 1107 3692 uultusque
1126 3633 1201 3678 sereni
1220 3629 1326 3692 vulgata
1344 3637 1401 3692 post

350 3696 450 3743 Asseris
468 3697 566 3758 egregia
576 3693 660 3754 farma
675 3697 794 3758 uultusque
811 3699 905 3742 modesti
917 3694 949 3741 V.
962 3693 992 3742 L.
1007 3694 1036 3742 P.
1049 3695 1079 3742 G.
1126 3699 1162 3743 ls.
1175 3697 1308 3743 Pollicitate
1325 3698 1401 3757 lyram

347 3758 433 3808 vitiose
446 3761 477 3807 G.
519 3763 556 3808 19.
568 3761 637 3806 Illam
648 3762 753 3806 Sirenum
765 3756 878 3806 emendat
890 3757 1024 3806 Witholius
1040 3775 1065 3820 p.
1077 3763 1133 3808 332.
1145 3765 1170 3807 et
1181 3775 1252 3807 versu
1264 3775 1313 3822 seq.
1325 3763 1403 3808 instar

353 3827 442 3886 illyriis
453 3841 501 3886 ega,
513 3829 541 3870 ut
552 3829 681 3884 peecatum
692 3822 718 3870 in
730 3830 809 3870 metro
820 3822 906 3870 deleat.
953 3826 990 3870 et.
1004 3826 1103 3898 Atquin
1114 3823 1214 3884 conjicit
1228 3824 1399 3872 Ommerenus.

348 3895 425 3936 tantas
436 3890 531 3936 evadere
542 3891 610 3936 malea
620 3903 705 3935 omnes
713 3887 834 3950 vulgatae;
851 3886 899 3934 nisi
911 3885 978 3950 quod
988 3888 1020 3934 G.
1033 3886 1119 3936 vitiose
1130 3890 1204 3936 habet
1216 3892 1401 3946 tantos—melas,

346 3954 447 3999 euineere
463 3955 530 4000 moles
548 3951 579 3999 V.
596 3953 639 4000 Gr.
661 3956 745 4000 tacitas
761 3956 863 4000 euincere
881 3952 910 3999 L.
961 3956 1000 3999 23.
1021 3955 1078 4004 Quis
1099 3949 1187 4013 resena
1204 3953 1235 4000 V.
1256 3953 1287 4001 R.
1305 3953 1349 4001 Gr.
1367 3955 1397 4003 G.

346 4022 410 4064 eerta
421 4019 463 4064 sab
474 4019 523 4077 lege
537 4017 567 4063 V.
580 4018 622 4066 Gr.
640 4020 689 4065 siue
699 4020 747 4080 iege
760 4018 789 4064 G.
830 4019 869 4065 24.
882 4019 954 4065 Noun
962 4019 1070 4078 passibas
1081 4019 1116 4066 ire
1127 4031 1212 4064 omnes
1223 4015 1342 4078 impressi.
1356 4016 1399 4065 sed

344 4081 463 4140 plausibus
474 4080 505 4128 V.
517 4081 558 4128 Gr.
572 4082 602 4128 L.
639 4079 798 4130 Burmannus
816 4079 919 4130 Anthol.
937 4087 996 4128 tom.
1009 4079 1025 4128 i.
1043 4097 1067 4143 p.
1078 4083 1118 4139 46,
1135 4079 1193 4129 inde
1209 4080 1244 4128 ait
1262 4080 1413 4129 Heinsinra

347 4143 475 4204 conjecisse
487 4147 588 4192 aestuas.
