3228 4982
353 487 397 548 22
726 479 930 544 Mxxnumm
948 480 1028 543 Amr

352 641 463 714 genter
477 628 601 692 habitus
617 629 656 692 sit
669 628 882 692 Maximianus
896 629 937 692 ab
947 627 1128 703 editoribus,
1141 628 1195 713 qui
1209 626 1288 690 nihil
1304 625 1401 703 aliud,
1462 646 1464 650 ·

375 737 449 778 uam
469 724 591 778 textum
606 737 625 777 a
639 715 848 800 superioribus
862 714 1013 777 traditum
1033 723 1221 798 repetentes,
1237 714 1278 777 de
1293 736 1403 776 emen-

353 738 459 863 dando
478 810 511 862 et
530 800 571 864 ad
590 800 769 885 incorrupta
783 799 976 883 exemplaria
991 798 1188 862 reformando
1206 821 1270 861 non
1285 799 1404 881 cogiti-

355 895 438 949 runt.

400 969 450 1032 Ex
475 970 561 1032 omni
590 993 722 1034 numero
748 992 867 1046 eorum,
894 969 949 1055 qui
974 967 1207 1032 Maximianum
1236 968 1405 1042 ediderunt

353 1066 424 1140 post
440 1055 623 1131 Gauricum,
639 1055 800 1118 neminem
822 1055 952 1140 reperio,
969 1053 1073 1140 quoad
1092 1053 1247 1117 recordari
1266 1075 1402 1152 possum,

353 1140 409 1226 qui
429 1151 551 1203 textum
571 1163 591 1204 a
607 1141 736 1204 Gaurici
751 1139 987 1204 defraudatione
1002 1139 1160 1222 integrum
1175 1138 1306 1214 dederrt,
1322 1161 1404 1224 prae·

355 1235 405 1290 ter
423 1226 479 1288 hos
499 1237 641 1310 quatuor,
659 1225 863 1288 ‘I'heodorum
881 1224 1105 1300 Pulmannum,
1121 1234 1163 1299 et,
1179 1223 1234 1309 qui
1257 1245 1331 1286 eum
1347 1245 1404 1287 ex-

355 1311 475 1394 pressit,
500 1311 706 1374 recentiorem
730 1311 883 1373 editorem
911 1309 1128 1384 Parisiensem,
1150 1320 1219 1372 tum
1243 1308 1404 1371 Pithoeum

356 1405 389 1457 et
405 1394 621 1457 Goldastum⁰.
668 1395 726 1458 Est
747 1395 851 1458 adhuc
873 1394 1008 1457 solitaria
1026 1393 1173 1480 quasdam
1195 1403 1228 1456 et
1242 1415 1262 1456 a
1276 1392 1404 1478 reliquis

355 1479 455 1564 poetis
478 1480 621 1563 sejuncta
643 1480 739 1543 editio
757 1479 955 1554 Maximiani,
973 1502 1046 1563 quae
1068 1479 1192 1542 nullum
1216 1500 1320 1563 neque
1345 1479 1405 1542 im-

355 1564 519 1649 pressionis
541 1563 655 1640 locum,
672 1586 776 1650 neque
798 1586 917 1627 annum
939 1573 1092 1638 notatum,
1109 1574 1141 1626 et
1158 1585 1214 1648 pro
1229 1562 1321 1626 titulo
1335 1563 1405 1627 haec

355 1659 479 1712 tantum
494 1650 591 1728 verba
604 1650 776 1735 proscripta
789 1649 903 1712 habet:
927 1650 1129 1713 Maximiani
1146 1650 1270 1730 (saculi
1286 1658 1321 1711 ut
1336 1671 1405 1712 cre-

356 1737 445 1798 ditur
460 1736 553 1817 XII)
576 1737 719 1820 Elegia.
766 1734 873 1808 Quam
899 1755 957 1816 ego
983 1732 1152 1818 aliquando
1174 1731 1273 1796 visam
1296 1731 1405 1794 Lune-

355 1819 447 1900 burgi
469 1818 502 1881 in
524 1819 629 1882 lucem
651 1819 800 1903 prodiisse
814 1818 986 1904 suspicatus
1001 1840 1080 1893 sum,
1096 1817 1152 1880 ubi
1174 1817 1278 1903 plures
1298 1827 1405 1902 poetas

355 1903 492 1966 minores
515 1902 575 1966 hoc
598 1903 713 1968 saeculo
731 1927 870 1968 seorsum
894 1903 993 1967 editos
1016 1903 1098 1967 novi.
1144 1902 1188 1965 Et
1211 1901 1407 1966 confirmavit

357 2011 409 2050 me
424 1988 483 2051 hac
498 1988 531 2050 in
546 1988 709 2064 sententia,
724 1989 750 2051 Ι.
764 1989 806 2051 Ν.
820 1987 975 2051 Niclasius
991 1987 1030 2050 V.
1045 1989 1082 2050 C.
1098 1987 1154 2071 qui
1170 1986 1406 2050 Maximianum

356 2095 377 2136 a
393 2073 506 2138 Christ.
525 2074 685 2137 Friderico
703 2072 872 2148 Schmidio,
888 2071 1033 2136 Joannaei
1048 2071 1306 2155 Luneburgensis
1323 2072 1407 2136 Rec-

356 2169 433 2234 tore,
450 2170 483 2222 et
496 2157 635 2243 plurium
650 2159 769 2223 editore
784 2168 957 2245 poetarum,
973 2167 1063 2242 putat
1078 2157 1199 2220 editum
1214 2179 1281 2220 esse
1297 2156 1407 2220 Lune-

356 2243 449 2325 burgi
463 2243 545 2306 intra
559 2266 657 2307 annos
675 2249 759 2308 1714
773 2254 806 2307 et
823 2248 916 2319 1726,
932 2243 1013 2328 typis
1030 2241 1274 2306 Ortmannianis.
1311 2243 1407 2316 Quod

359 2325 592 2390 Maximianum
616 2328 717 2390 editor
739 2329 772 2390 in
796 2327 888 2390 titulo
911 2327 1026 2392 saeculo
1050 2327 1132 2390 XII.
1154 2327 1330 2410 assignavit,
1347 2327 1407 2392 hoc

357 2434 398 2476 ex
417 2433 521 2475 errore
540 2422 596 2488 est,
636 2434 678 2475 uo
693 2411 928 2476 Maximianum
942 2411 1184 2475 versificatorem
1200 2412 1274 2476 artis
1291 2414 1408 2475 Gram-

357 2496 482 2562 maticae
508 2519 580 2564 cum
612 2435 842 2582 {legiographo
872 2495 1021 2573 confudit,
1052 2519 1217 2581 perperam
1233 2496 1408 2560 'intellecto

359 2582 476 2665 Gangii
495 2583 683 2658 testimonia
699 2584 785 2670 quod
801 2582 963 2646 Fabricius
982 2582 1015 2644 in
1032 2581 1115 2645 Bibl.
1131 2583 1184 2647 lat.
1199 2581 1284 2645 med.
1300 2583 1359 2647 aevi
1375 2594 1408 2647 et

360 2667 554 2732 Fontaninus
577 2668 749 2743 adducunt,
776 2678 809 2731 et
832 2669 918 2753 quod
943 2667 1001 2752 ipsi
1024 2667 1217 2751 proferemus
1242 2666 1303 2730 alio
1327 2667 1405 2731 loco.

360 2751 621 2816 Praetereundum
641 2752 778 2838 denique
802 2762 946 2827 nonest,
964 2749 1152 2814 Maximiani
1177 2751 1302 2834 Elegias
1324 2752 1408 2816 inter

364 2838 478 2918 Opera
507 2848 540 2902 et
562 2840 764 2923 Fragmenta
789 2848 930 2904 ueterum
954 2838 1131 2902 Poetarum
1157 2839 1360 2915 Latinorum,
1388 2860 1408 2902 a

361 2921 461 2985 Mich.
480 2921 655 2988 Maittairio
677 2923 772 2999 edita,
799 2922 950 2999 exhiberi,
975 2922 1016 2986 ad
1039 2921 1158 2986 calcem
1184 2921 1351 2986 voluminis
1374 2923 1406 2985 ii.

358 3008 513 3092 subjectas
522 3033 531 3084 ;
554 3031 658 3095 neque
672 3009 777 3072 minus
792 3009 824 3073 in
845 3011 1041 3074 Collectione
1055 3010 1248 3074 Pisaurensi
1271 3009 1407 3072 omnium

351 3103 549 3238 porirggtum,
566 3097 742 3160 carminum
766 3105 798 3158 et
809 3097 1076 3180 fragmentorum
1090 3095 1203 3158 Latin.
1243 3092 1347 3156 Tamo
1366 3092 1406 3156 iv.

358 3198 390 3260 p.
472 3221 479 3238 .

403 3259 477 3322 Aiia
496 3258 685 3323 Maximiani
703 3260 851 3335 carmina,
869 3260 974 3323 nescio
996 3259 1080 3323 unde
1101 3259 1234 3343 cognita,
1257 3260 1408 3326 Labbeus

359 3343 443 3408 Bibl.
467 3365 548 3407 nova
571 3343 858 3429 Manuscriptorum
880 3368 910 3428 p.
929 3351 980 3408 63.
998 3355 1161 3420 memorat,
1181 3367 1280 3428 cuper
1299 3369 1407 3411 nenec-

359 3440 437 3508 tute‚
456 3430 600 3514 requiam
622 3431 797 3508 metricam,
817 3453 946 3494 carmen
968 3432 1009 3493 de
1028 3431 1150 3494 uirtute
1167 3439 1199 3494 et
1215 3431 1350 3506 inuidia,
1367 3435 1408 3496 de

358 3517 421 3590 ira,
440 3517 608 3601 patientia
631 3525 730 3601 atque
754 3517 908 3580 auaritia.
963 3514 1002 3576 In
1028 3513 1143 3598 quibus
1166 3514 1294 3600 quidem
1317 3515 1406 3592 illud,

358 3601 445 3683 quod
464 3623 557 3684 super
578 3611 738 3664 senectute
760 3600 910 3685 scriptum
932 3599 1055 3674 dicitur,
1078 3599 1169 3662 facile
1192 3601 1318 3663 credam
1341 3623 1407 3664 esse

358 3684 444 3748 idem
467 3707 539 3748 cum
561 3683 669 3748 libello
690 3684 871 3767 elegiarum,
896 3685 984 3768 cujus
1006 3706 1130 3748 summa
1151 3695 1198 3748 est
1219 3685 1348 3769 querela
1366 3687 1408 3749 de

393 3834 451 3886 ⁹In
458 3833 574 3888 editione
582 3833 714 3903 Propertii
726 3851 759 3886 ex
771 3851 864 3888 museo
899 3835 1054 3898 attributus,
1076 3832 1182 3888 videtur
1203 3833 1289 3887 editor
1313 3852 1405 3888 recen·

360 3901 477 3956 Simonis
497 3903 588 3958 Abbes
611 3904 766 3968 Gabbemae‚
795 3903 862 3956 Tra·
900 3903 1001 3956 sionem
1020 3903 1121 3956 Theod.
1136 3903 1282 3956 Puhnanni
1297 3911 1407 3957 secutus

354 3972 475 4053 jectiad
496 3972 582 4027 Rhen.
600 3979 674 4027 1659.
694 3973 722 4025 in
739 3978 797 4027 Svo.
818 3974 865 4027 ubi
900 3990 965 4026 esse.
1006 3972 1060 4026 Sed
1079 3973 1131 4025 hoc
1150 3973 1270 4042 suspicor
1290 3979 1405 4036 tantum,

358 4041 513 4094 mseribitur
524 4045 694 4098 Marimiani
702 4044 864 4110 Eleqiarum
900 4060 962 4095 nam
974 4041 1072 4094 librum
1091 4041 1180 4114 ipsum
1192 4061 1264 4098 nuuc
1276 4041 1407 4114 inspicere

359 4111 471 4178 libellus,
482 4130 630 4180 perperam
644 4114 769 4168 Cornelio
781 4113 863 4168 Gallo
899 4129 953 4167 nnn
965 4129 1081 4182 possum.
