3228 4982
345 469 387 528 68
616 463 722 529 Nona
739 483 781 526 nr
797 463 918 526 Vsnue
935 462 1130 528 Lucuouas

346 599 420 654 conis
432 599 460 654 in
472 597 569 653 sabulis
582 607 623 654 est
635 599 717 667 illius,
732 600 779 671 qui
791 599 877 654 vellus
889 616 1001 654 aureum
1013 599 1042 652 in
1054 600 1116 653 luco
1129 598 1228 655 Martis
1240 616 1286 653 sus
1306 615 1402 654 ensum

347 671 420 742 spud
432 669 548 725 Colchos
561 673 691 737 servabat,
707 672 778 742 quod
792 688 841 741 pro
856 669 974 740 imagine
987 670 1060 723 avari
1077 669 1186 724 adhibet
1202 669 1274 724 idem
1287 617 1339 724 lib.
1352 669 1401 724 xii.

348 745 398 796 ⁵2:
419 741 550 808 Larqiris
567 739 645 807 nibil,
661 743 842 809 incedensque
858 757 943 808 pazo,
965 741 1003 793 Ut
1018 758 1132 808 muqnus
1149 743 1242 805 druco,
1258 757 1335 808 quern
1353 759 1401 794 ca·

349 819 416 865 nunt
433 819 523 879 poete
546 811 689 864 Custodem
713 810 837 880 Scythici
852 812 945 881 fuisse
967 811 1030 864 luci.
1072 811 1233 863 Fabularem
1254 809 1353 863 famam
1375 816 1403 863 et

349 881 487 951 vulgarem
509 881 661 950 opinionem
683 889 791 934 secutus
809 880 891 934 etiam
911 881 1040 933 Phaedrus
1058 880 1103 935 lib.
1126 880 1160 934 ir.
1183 880 1235 934 fab.
1260 885 1300 945 19,
1323 880 1404 950 fingit

349 952 491 1005 draconem
516 951 620 1004 abditos
641 951 781 1005 thesauros
802 951 831 1002 in
853 950 981 1020 spelunea
1002 952 1176 1003 subterranea
1197 950 1403 1006 custodientem.

350 1019 493 1076 Rationem
507 1022 564 1090 ejus
574 1022 707 1091 opinionis
719 1022 829 1075 reddere
842 1028 955 1074 conatur
967 1021 1061 1090 Pomp.
1071 1021 1177 1085 Festus,
1190 1021 1236 1091 qui
1246 1022 1401 1085 Dracones,

350 1091 447 1162 inquit,
467 1093 535 1144 dieti
552 1095 657 1144 ἀπὸτοῦ
674 1098 773 1158 δρακεῖν,
791 1094 865 1160 quod
881 1100 922 1144 est
940 1093 1040 1145 uidere.
1064 1092 1246 1144 clarissimam
1269 1093 1339 1144 enim
1356 1093 1401 1143 di-

351 1170 449 1217 cuntur
460 1161 560 1214 iubere
573 1161 709 1214 oculorum
728 1163 822 1227 aciem,
838 1179 892 1231 qua
910 1180 943 1214 er
960 1179 1045 1214 causa
1064 1162 1220 1214 incubantes
1233 1180 1278 1215 eos
1291 1160 1402 1215 thesau-

351 1235 392 1287 ris
404 1235 531 1286 custodie
543 1248 628 1284 causa
637 1231 784 1296 finxerunt
795 1234 1043 1300 antiqui—193.
1065 1233 1193 1294 Querere
1211 1249 1271 1301 que
1289 1249 1401 1299 nequeo,

351 1303 379 1357 h.
399 1320 422 1356 e.
443 1319 503 1372 quae
523 1318 566 1355 me
586 1301 696 1369 despero
716 1318 793 1370 posse
810 1303 901 1354 labore
921 1309 948 1355 et
967 1301 1100 1355 industria
1119 1319 1247 1372 quaerere,
1269 1318 1402 1370 reparare,

352 1389 459 1442 augere,
474 1371 497 1425 si
514 1371 582 1424 forte
598 1371 782 1437 absumserim,
797 1389 829 1424 ea
843 1372 947 1426 illibata
959 1389 1064 1442 semper
1075 1372 1190 1424 retinere
1202 1372 1303 1425 laboro.
1342 1370 1404 1424 Hoc

352 1460 433 1497 sensu
456 1443 598 1495 verborum
623 1440 778 1508 constituto,
802 1442 871 1494 nihil
894 1459 961 1511 opus
983 1450 1024 1495 est
1048 1449 1153 1495 mutata
1176 1441 1402 1511 interpunctione,

352 1529 432 1584 quam
454 1511 496 1566 Cl.
515 1511 694 1566 Ommerenus
713 1512 816 1565 suadet.
844 1511 907 1566 Vid.
923 1512 957 1566 V.
972 1511 1137 1566 L.—l96.
1160 1514 1228 1575 Qua
1238 1513 1317 1582 feeit
1334 1513 1403 1579 s'pse,

351 1583 378 1638 h.
392 1599 416 1637 e.
430 1600 489 1653 quse
506 1582 564 1650 ipse
580 1598 628 1650 per
644 1579 815 1648 oblivionem,
829 1581 1046 1652 imprudentiam,
1062 1583 1218 1648 socordiam,
1234 1599 1328 1636 senum
1340 1598 1403 1650 pro-

352 1652 448 1738 priam,
470 1651 624 1716 committit,
644 1657 675 1704 ut
692 1651 900 1706 fiant—197.
920 1654 1035 1706 Laudat
1053 1655 1218 1721 prseteritos,
1240 1649 1307 1720 etc]
1328 1651 1405 1705 Idem

353 1722 509 1777 intersitis
528 1739 623 1775 senum
641 1729 763 1776 recenset
783 1722 879 1777 Horat.
900 1722 935 1776 A.
953 1723 984 1776 P.
1006 1728 1070 1776 173:
1098 1724 1244 1792 Difficilis,
1266 1723 1403 1792 querulus,

354 1795 482 1849 laudator
507 1795 635 1861 temporis
659 1794 716 1846 acti
738 1795 776 1846 Se
796 1812 894 1862 puero,
917 1811 1011 1847 censor
1035 1795 1239 1861 castiqatorque
1263 1795 1404 1846 minorum.

354 1863 391 1920 Et
405 1863 505 1917 Tibull.
519 1863 558 1916 iii.
573 1869 599 1928 5,
613 1868 665 1916 26:
685 1863 727 1916 Et
744 1866 862 1934 referam
875 1867 973 1932 pueris
991 1873 1113 1932 tempore
1128 1867 1225 1932 prisco
1243 1881 1406 1916 senex.—

353 1939 415 1988 202.
433 1935 593 2002 Alloquium
612 1936 737 2002 conspuit
753 1937 812 2002 ipse
830 1931 930 2001 suum]
960 1933 1082 2004 Alloquii
1100 1934 1143 1987 sui
1161 1933 1299 1986 fastidium
1316 1939 1407 1985 movet

353 2022 365 2058 s
385 2004 480 2057 urcitie
493 2004 555 2070 oris,
570 2003 633 2056 dum
649 2003 720 2056 inter
731 2004 895 2073 loquendum
907 2003 990 2057 saliva
1006 2011 1140 2057 commota
1155 2004 1311 2073 frequenter
1323 2002 1406 2072 spuit.

383 2093 398 2129 e
410 2073 545 2128 causidico
563 2074 735 2127 vehementer
752 2074 878 2144 loquente
892 2074 1032 2127 iuvenalis
1044 2074 1089 2128 vii.
1104 2079 1165 2128 112:
1188 2075 1264 2128 Tunc
1277 2077 1407 2126 immensa

354 2148 417 2199 cani
435 2148 545 2214 spirant
562 2146 704 2198 mendacia
718 2146 813 2215 folles,
834 2146 1053 2214 conspuiturque
1069 2147 1152 2198 sinus.
1190 2143 1296 2198 Vitium
1315 2143 1406 2196 conci-

354 2223 411 2269 tate
434 2215 611 2286 loquentium,
634 2214 750 2268 maxime
772 2232 876 2282 senum,
900 2215 1069 2268 existimatur
1093 2232 1220 2284 spumans
1245 2231 1291 2267 ore
1315 2213 1407 2268 salies.

354 2285 399 2339 De
421 2284 536 2339 Claudio
557 2302 621 2337 sene
643 2284 798 2351 Suetonius,
820 2303 877 2355 cap.
899 2291 949 2339 ³0:
979 2288 1024 2338 ira
1046 2289 1154 2354 turpior
1175 2293 1244 2350 erat,
1265 2292 1408 2353 spumante

354 2358 435 2419 rictu,
456 2355 625 2408 tumentibus
642 2356 764 2420 naribus,
785 2361 813 2408 et
830 2355 956 2409 Juvenal.
970 2356 1005 2409 vi.
1024 2361 1091 2409 622:
1113 2357 1306 2423 tremulumque
1325 2363 1410 2422 caput

356 2427 515 2479 descendere
530 2425 619 2493 jussit
638 2427 671 2477 In
693 2425 795 2490 coeium,
820 2434 847 2478 et
867 2427 948 2494 ionqa
969 2429 1112 2478 manantia
1134 2427 1214 2478 labra
1236 2426 1409 2479 soliva—-

355 2501 416 2550 204.
430 2496 622 2565 Osoiafortes
633 2496 800 2562 permiitate
812 2493 913 2563 senes]
935 2495 1075 2550 Sententia
1089 2496 1147 2549 haec
1159 2495 1227 2549 forte
1240 2497 1273 2549 ab
1287 2494 1409 2547 Homero

357 2565 476 2620 derivata
492 2573 541 2631 est,
556 2565 603 2635 qui
616 2565 649 2620 Il.
662 2565 701 2618 iii.
718 2569 776 2630 151,
791 2583 867 2619 senes
881 2566 1012 2635 Trojanos
1028 2566 1100 2619 bello
1112 2567 1231 2632 inutiles,
1247 2566 1293 2619 sed
1310 2564 1410 2618 otiosos

357 2645 384 2690 et
396 2637 537 2706 garriendo
549 2635 640 2701 fortae,
655 2635 753 2689 cicadis
765 2636 946 2705 strepentibus
959 2643 1104 2704 comparat.
1138 2637 1176 2690 Et
1189 2636 1286 2691 Cicero
1297 2635 1330 2688 de
1345 2634 1409 2688 Sen.

357 2725 380 2762 c.
403 2712 444 2772 14,
468 2723 544 2759 senes
566 2705 695 2759 sermonis
715 2719 742 2759 et
761 2706 814 2758 coll
849 2707 955 2759 uiorum
977 2706 1068 2759 aridos
1087 2725 1145 2760 esse
1166 2707 1409 2760 fetetne—207.

357 2777 476 2831 Arridet
492 2778 524 2829 de
541 2795 570 2830 se
583 2779 635 2830 rid.
650 2795 684 2829 ac
700 2777 754 2829 sibi
765 2773 824 2844 pi]
876 2785 942 2831 orat.
956 2776 991 2830 A.
1005 2777 1036 2830 P.
1054 2781 1099 2830 101
1113 2796 1120 2830 :
1147 2778 1184 2830 Ut
1196 2777 1347 2830 ridentibus
1359 2794 1408 2828 ar·

357 2849 456 2912 rident,
477 2850 517 2899 ita
531 2848 665 2916 flentibus
685 2849 785 2899 adeunt
803 2847 927 2899 Humani
944 2848 1042 2901 uultus.
1080 2847 1156 2900 Idem
1178 2847 1263 2902 Serm.
1282 2847 1301 2900 i.
1318 2851 1341 2910 l,
1356 2851 1408 2899 66:

358 2919 483 2986 Populus
495 2935 536 2970 me
548 2917 651 2984 sibilat,
666 2926 697 2970 at
708 2916 776 2970 midi
785 2919 891 2985 plaudo
904 2919 969 2986 Ipse
981 2919 1195 2971 domi—209.
1211 2919 1263 2970 Hc
1275 2925 1338 2970 sunt
1344 2919 1409 2984 pri-

357 2992 440 3042 mitia
457 2984 578 3056 mortis,]
606 2996 733 3058 tanquam
752 3006 785 3040 ex
803 3005 890 3041 messe
908 2989 1054 3042 multorum
1072 2987 1204 3041 malorum
1223 2987 1364 3040 offerendae
1383 2993 1411 3040 et

359 3059 537 3114 sacrificandae
551 3057 652 3124 Morti;
672 3058 695 3112 si
708 3058 816 3130 quidem
832 3058 958 3128 primitiae
970 3059 1027 3112 dari
1039 3057 1082 3111 vel
1100 3058 1178 3112 libari
1193 3058 1255 3111 Diis
1272 3057 1408 3122 dicuntur,

360 3138 387 3185 et
404 3137 477 3184 totus
495 3129 575 3182 horno
594 3132 704 3183 uictima
717 3139 758 3183 est
772 3130 814 3182 nil
828 3132 983 3183 miserantis
1002 3131 1078 3193 Orci,
1094 3129 1241 3182 secundum
1254 3127 1409 3181 Horatium.

358 3204 491 3252 -ulu
505 3201 592 3251 AEtas
604 3200 708 3268 defluit,
724 3198 888 3267 pedetentim
900 3199 1094 3268 progrediendo
1109 3199 1267 3263 absumitur,
1282 3197 1408 3263 utrisne,

359 3269 435 3339 aquis
448 3267 632 3321 deficientibus
648 3285 812 3321 exarescens.
850 3270 982 3322 Rusticus
999 3278 1138 3338 exspectat
1154 3271 1216 3322 dum
1229 3271 1335 3339 defluet
1350 3285 1409 3320 om·

358 3341 402 3391 nis
414 3337 511 3390 Horat.
525 3336 613 3406 Epist.
633 3337 651 3390 i.
667 3343 693 3402 2,
708 3342 752 3402 42,
773 3340 829 3390 ima
842 3341 923 3406 petit,
939 3346 1067 3403 extrema,
1082 3339 1410 3393 finem.—-213.Labi-

358 3417 404 3463 tur
416 3426 449 3461 ec
461 3406 580 3461 humeris
597 3405 705 3475 uestis]
727 3407 787 3460 fluit
804 3425 837 3460 ex
853 3408 981 3474 humeris,
999 3426 1050 3461 nec
1065 3411 1134 3462 bene
1152 3411 1227 3463 sedet
1242 3409 1333 3474 vestis,
1386 3408 1393 3421 ‘

355 3481 413 3549 jam
425 3477 512 3532 laxior
524 3484 572 3544 est,
588 3495 698 3547 corpore
710 3496 770 3531 meo
783 3479 907 3546 demisso,
921 3480 964 3532 vel
981 3480 1105 3549 depresso
1118 3488 1146 3533 et
1158 3480 1222 3532 exili
1234 3478 1313 3533 facto.
1347 3426 1410 3547 iig-

359 3550 467 3604 nificare
488 3549 560 3602 idem
579 3549 693 3616 videtur,
714 3550 786 3620 quod
805 3549 901 3604 Horat.
923 3550 1008 3604 Serm.
1027 3550 1045 3604 i.
1062 3556 1088 3615 3,
1103 3556 1153 3604 31:
1174 3552 1318 3604 Rusticius
1336 3558 1412 3602 tonso

360 3630 424 3690 toqa
437 3622 542 3690 defluit,
557 3629 585 3674 et
595 3623 666 3674 mate
679 3622 759 3675 lanus
771 3623 806 3674 In
819 3623 893 3690 pede
910 3623 1016 3676 calceus
1030 3620 1122 3675 iares.
1160 3620 1222 3674 Non
1242 3620 1306 3674 satis
1324 3620 1413 3690 placet

392 3793 446 3839 193.
463 3790 541 3837 Hunc
552 3804 648 3836 versum
663 3790 826 3837 Ommerenus
837 3787 872 3836 ita
883 3787 1107 3851 interpungendum
1119 3797 1215 3837 censet:
1239 3791 1350 3845 Quaerere¹
1363 3804 1413 3850 qua

359 3871 444 3916 nequeo
454 3871 540 3916 semper
551 3856 653 3910 retinere,
665 3855 748 3901 laboro.
789 3856 842 3902 197.
857 3855 983 3900 Prosentes
998 3857 1102 3915 increpat
1117 3862 1190 3910 aetus,
1203 3861 1227 3901 et
1242 3869 1257 3900 a
1272 3869 1347 3900 manu
1363 3868 1409 3900 see.

359 3921 457 3980 despicit
471 3920 500 3967 L.
541 3923 593 3966 198.
609 3920 660 3965 Hoc
676 3919 747 3965 solum
765 3918 812 3966 Pu.
829 3925 854 3965 et
869 3916 931 3965 eliae.
972 3923 1027 3966 200.
1043 3919 1139 3980 Desipit
1155 3921 1204 3980 ipse
1221 3919 1252 3966 V.
1267 3919 1310 3965 Gr.
1328 3919 1414 3979 decipit

359 3985 408 4044 ipse
427 3983 474 4030 Pu.
515 3987 571 4030 201.
592 3984 656 4030 Vobis
671 3985 714 4045 ref.
732 3983 763 4030 G.
805 3987 859 4030 202.
875 3984 967 4030 Narrat
982 3999 1027 4043 pro
1043 3984 1119 4029 torret
1130 3983 1161 4030 V.
1180 3983 1223 4030 Gr.
1241 3985 1353 4044 conspicit
1368 3997 1414 4042 pro

359 4049 464 4107 conspuit
483 4047 513 4094 G.
532 4046 602 4095 male.
648 4051 702 4095 206.
724 4049 828 4094 Horrent
845 4047 876 4094 V.
894 4048 937 4094 Gr.
981 4051 1035 4094 210,
1053 4048 1141 4108 Defuit
1161 4047 1191 4094 G.
1210 4062 1346 4108 perperam.
1366 4049 1414 4092 ima

325 4162 331 4176 ι
355 4112 419 4170 perit
431 4109 531 4171 Bipont.
543 4110 584 4158 sed
596 4110 651 4158 aliae
661 4113 874 4172 constanterpetit
887 4110 962 4175 idque
972 4119 1059 4171 aptum
1074 4113 1196 4172 qressibus.
1231 4113 1348 4159 212.Nec
1362 4127 1412 4172 spe-

359 4177 404 4221 cies
419 4174 450 4220 G.
486 4178 541 4222 213.
558 4175 673 4234 Depresso
683 4191 774 4237 corpore
788 4175 816 4222 L.
