3228 4982
339 411 381 470 72
608 401 717 466 Norat
732 423 773 465 rr
793 403 911 464 Vnnrm
927 401 1124 466 Lucrrouns

340 543 445 594 tissima
463 535 594 608 somnus]
627 538 706 593 Ovid.
724 539 792 592 Met.
813 538 848 592 xi.
867 543 935 592 628:
958 539 1065 603 Somne,
1087 540 1162 607 quies
1182 555 1281 603 rernm,
1296 539 1392 605 pinci-

339 613 449 664 dissime
463 612 562 663 Somne
574 611 706 674 Deomcm,
718 611 783 662 Par
795 611 889 672 animi,
902 626 979 677 quem
991 608 1152 678 curafuqit.
1179 607 1255 660 Idem
1268 625 1301 660 ex
1311 607 1392 662 Pont.

338 681 359 735 i.
372 686 398 746 2,
413 685 463 734 43:
484 683 590 748 requies
606 682 793 748 medicinaque
806 681 922 748 publica
939 697 1010 732 curce
1025 681 1149 732 Somnus.
1189 678 1291 738 Seneca
1307 677 1392 732 Here.

340 751 404 806 Fur.
424 769 449 804 v.
471 754 553 803 1068:
587 751 682 818 Tuque
701 767 716 802 o
735 753 852 803 domitor
872 751 970 802 bomne
994 751 1136 814 malorum,
1164 751 1270 816 requies
1295 751 1392 813 animi,

341 823 417 874 Pars
434 820 556 873 bumana
575 821 670 874 metior
690 823 892 873 cita.--250.
908 815 1039 887 Aeolon]
1069 818 1167 872 deserit
1188 836 1240 872 me.
1278 819 1393 870 Aletum

339 891 406 959 fingi
424 891 554 944 Somnum
567 907 583 943 a
594 890 690 959 poetis,
704 890 732 942 in
745 889 843 958 vulgus
860 896 954 942 notum
967 896 1016 943 est.
1055 887 1153 942 Multis
1169 895 1309 957 poetarum
1325 888 1396 940 locis

340 961 475 1030 congestis
490 961 541 1013 hoc
557 961 702 1014 illustravit
715 959 912 1024 BroukhusiuS,
928 964 955 1012 et
969 959 1022 1012 alia
1034 976 1115 1028 super
1130 977 1162 1012 ea
1174 976 1202 1011 re
1215 959 1318 1011 erudite
1331 976 1390 1010 mo-

340 1030 401 1084 nuit
415 1030 538 1100 Heynius
551 1031 586 1086 V.
601 1031 633 1084 C.
648 1031 681 1083 ad
693 1047 800 1082 versum
813 1029 925 1095 Tibulli,
938 1028 967 1081 ii.
985 1034 1007 1094 l,
1023 1035 1073 1083 90:
1095 1031 1215 1097 Postque
1232 1031 1305 1082 uenit
1320 1031 1391 1081 taci-

342 1110 385 1155 tus
401 1103 495 1172 fuscis
513 1103 696 1154 circumdatus
714 1102 768 1153 alis
788 1102 911 1163 Somnus,
933 1108 960 1152 et
977 1102 1079 1153 incerto
1097 1103 1201 1153 somnia
1220 1117 1292 1152 vana
1309 1102 1393 1167 pede.

341 1177 474 1225 —252
489 1173 594 1226 Horret
611 1167 799 1238 imaqinibus]
832 1169 910 1224 Ovid.
925 1187 959 1222 ex
975 1169 1054 1223 Pont.
1073 1170 1091 1223 i.
1105 1175 1131 1235 2,
1146 1175 1197 1222 45:
1220 1171 1333 1222 Somnia
1351 1187 1393 1222 me

342 1250 452 1307 terrent,
467 1260 544 1296 veros
560 1244 698 1294 imitantia
710 1259 798 1306 casus,
813 1241 854 1293 Et
869 1241 985 1308 viqilont
999 1258 1091 1293 sensus
1104 1243 1132 1292 in
1144 1257 1203 1292 meo
1217 1241 1317 1292 damno
1330 1242 1394 1293 mei.

342 1311 443 1366 Tibull.
457 1311 494 1366 iii.
508 1317 534 1376 4,
549 1317 599 1365 55:
619 1313 662 1365 Et
677 1329 757 1380 quum
774 1319 799 1364 te
809 1312 894 1381 fusco
912 1328 1019 1363 somnus
1036 1311 1137 1363 uelauit
1154 1312 1264 1375 amictu,
1286 1310 1393 1362 Vanum

341 1385 479 1436 nocturnis
494 1383 579 1452 fallit
603 1383 773 1448 imaqinibus.
817 1380 912 1434 Claud.
934 1380 966 1434 R.
984 1380 1016 1434 P.
1035 1381 1075 1434 iii.
1098 1385 1162 1433 124:
1189 1381 1303 1433 Somnia
1321 1397 1393 1447 supe

342 1460 448 1504 mouent
465 1454 551 1504 uariis
570 1453 693 1533 infausta
704 1452 953 1519 Muris—254.
967 1451 1102 1519 Maqnum
1113 1452 1206 1518 pallia
1217 1453 1327 1518 pondus
1339 1449 1393 1502 ba·

342 1519 427 1589 bent]
460 1521 504 1574 Ab
518 1521 615 1575 Ouidio
630 1523 734 1586 sumsit,
750 1521 796 1590 qui
813 1520 880 1574 Her.
893 1521 948 1574 xxi.
966 1526 1030 1574 170:
1051 1521 1093 1574 At
1108 1520 1184 1585 milii,
1199 1521 1258 1574 oui
1276 1523 1392 1585 miserie,

342 1600 479 1646 torrentur
483 1592 610 1662 febribus
623 1599 710 1658 artus,
724 1591 765 1644 Et
775 1593 889 1659 pravius
896 1592 975 1660 justo
985 1591 1079 1660 pallia
1090 1593 1200 1660 pondus
1212 1590 1395 1644 babent.—

341 1666 403 1715 259.
427 1663 528 1715 Omnia
553 1659 683 1729 nomme]
718 1660 796 1716 Conf.
818 1679 899 1730 supra
922 1680 947 1714 v.
971 1665 1029 1726 165,
1056 1661 1103 1715 ubi
1127 1661 1219 1714 eadem
1245 1660 1396 1714 dixit.—

342 1736 404 1787 262.
424 1733 526 1786 Cedere
534 1733 702 1801 ponderibus
714 1750 743 1785 se
758 1734 785 1786 d.
798 1735 861 1800 ipso
874 1729 956 1799 suis]
978 1731 1095 1786 Videtur
1109 1737 1203 1784 auctor
1219 1730 1336 1800 imagine
1353 1731 1395 1784 uti

342 1802 505 1856 labentiset
526 1803 553 1854 in
576 1802 682 1855 ruinam
702 1819 778 1855 suam
797 1802 977 1855 incumbentis
998 1802 1102 1868 domus,
1125 1819 1206 1872 quam
1229 1801 1397 1854 luculentius

343 1872 453 1942 exponit
471 1872 550 1926 Ouid.
566 1872 647 1927 Trist.
665 1872 693 1927 ii.
711 1877 745 1926 83
763 1889 832 1943 seq.:
859 1873 926 1924 Cum
944 1875 1025 1940 cupit
1042 1881 1175 1941 quassata
1193 1874 1286 1925 domm
1305 1871 1394 1924 subsi-¹

343 1943 422 2008 dere;
442 1952 540 2011 partes
559 1944 593 1995 In
606 1944 780 2011 proclinatas
799 1961 874 1996 omne
892 1944 1021 1996 recumbit
1038 1961 1122 1996 onus:
1147 1943 1303 2011 Cunctaque
1321 1943 1393 1995 For·

343 2021 409 2066 tuna
431 2016 528 2066 rimam
544 2014 669 2083 faciente
689 2012 846 2066 debiscunt:
871 2015 940 2080 Ipso
959 2031 1007 2066 suo
1027 2015 1162 2082 quondam
1178 2015 1301 2080 pondere
1323 2020 1396 2065 tecta

341 2088 565 2137 ruunt-265.
579 2083 673 2137 Morte
692 2085 770 2149 mori,
790 2083 808 2136 i.
823 2100 846 2136 e.
865 2101 973 2152 prorsus
990 2083 1151 2165 penitusque
1165 2081 1242 2148 mori,
1262 2082 1397 2151 quomodo

343 2153 408 2206 alias
428 2156 560 2207 occisione
578 2156 699 2208 occidere
718 2159 745 2207 et
763 2156 942 2207 internecione
961 2155 1049 2207 delere
1067 2153 1174 2206 dicitur.
1194 2155 1278 2206 vitam
1297 2155 1395 2204 ducere

342 2227 447 2288 mortis,
459 2224 487 2277 h.
501 2241 524 2277 e.
539 2241 610 2292 aegre
623 2224 772 2293 misereque
784 2223 897 2276 vivendo
915 2224 1016 2277 lentam
1029 2223 1160 2277 sustinere
1174 2230 1296 2288 mortem,
1311 2222 1395 2274 vitam

342 2293 448 2346 trahere
460 2293 546 2346 instar
556 2294 651 2346 mortis
662 2301 814 2362 protracta.
853 2293 899 2347 Sic
912 2293 992 2347 Ovid.
1008 2311 1041 2347 ex
1053 2294 1132 2346 Pont.
1146 2292 1173 2347 ii.
1188 2299 1214 2358 3,
1228 2298 1279 2346 42:
1299 2295 1398 2346 Instar

342 2370 369 2415 et
389 2361 460 2415 banc
479 2366 563 2415 uitam
582 2366 676 2417 mortis
694 2363 794 2417 babere
807 2373 888 2432 puta.
925 2363 964 2416 Et
983 2364 1086 2417 Seneca
1104 2362 1191 2418 Herc.
1208 2362 1266 2416 OEt.
1284 2380 1309 2416 v.
1327 2367 1395 2416 105:

341 2433 446 2486 Mortis
457 2431 540 2485 babet
554 2435 633 2497 uices,
648 2434 733 2486 Lente
746 2451 804 2486 cum
821 2433 942 2486 trabitur
959 2437 1017 2488 vita
1032 2435 1205 2502 qementibus.
1243 2433 1342 2487 Nescio
1360 2450 1395 2485 an

341 2501 489 2572 respexerit
509 2502 577 2555 illud
596 2501 728 2572 AEschyli,
747 2504 837 2557 Prom.
851 2503 943 2558 Vinct.
960 2523 985 2558 v.
1005 2509 1072 2558 749:
1100 2505 1212 2566 κρεῖσσον
1229 2504 1276 2566 γὰρ
1295 2501 1396 2564 εἰσάπαξ

342 2581 426 2636 θανεῖν,
443 2579 471 2628 Ἠ
483 2579 527 2630 τὰς
542 2577 634 2628 briam
652 2577 738 2642 ἡμέρας
755 2577 861 2642 πάσχειν
877 2579 1097 2631 raros—266.
1112 2577 1214 2628 Sensus
1231 2575 1355 2628 membris
1371 2593 1396 2628 s.

341 2645 458 2711 sepelire
476 2641 514 2711 s.]
546 2644 573 2698 h.
593 2662 616 2697 e.
638 2661 732 2697 sensus
752 2644 807 2697 fere
829 2645 961 2698 extinctos
981 2651 1062 2714 atque
1087 2647 1196 2698 obrutos
1216 2644 1333 2714 corporis
1353 2645 1398 2697 sai

341 2714 468 2766 membris
486 2714 727 2768 habere—269.
741 2715 887 2780 Deficiunt
902 2711 1013 2782 validi]
1035 2714 1114 2769 Onid.
1128 2733 1161 2768 ex
1174 2716 1253 2769 Pont.
1269 2715 1291 2768 i.
1301 2720 1327 2780 4,
1345 2719 1397 2768 ll:

347 2784 451 2848 Cernis,
470 2792 502 2836 ut
519 2787 547 2836 in
566 2787 653 2849 duris,
670 2793 696 2837 et
714 2786 783 2852 quid
799 2785 864 2838 boue
880 2786 1019 2851 firmius?
1039 2788 1115 2838 orris
1136 2786 1235 2840 Fortia
1254 2795 1397 2840 taurorum

341 2870 457 2922 corpora
466 2854 590 2924 franpat
603 2859 813 2923 opus.--—271.
829 2856 934 2909 Fracta
947 2858 994 2909 diu
1007 2852 1124 2923 rabidi]
1158 2854 1201 2909 cl.
1216 2856 1398 2910 Ommcrenus

374 3018 429 3063 250.
446 3015 543 3062 Abnolut
561 3016 592 3063 G.
610 3014 639 3062 B.
656 3015 702 3062 Pu.
717 3013 756 3062 Pi.
771 3015 802 3062 0.
827 3015 910 3063 Aoolat
927 3016 958 3063 V.
976 3016 1007 3063 R.
1025 3015 1070 3063 Gr.
1086 3015 1142 3076 Bip.
1167 3023 1191 3062 et
1204 3032 1263 3062 sana
1280 3016 1311 3062 L.
1325 3031 1346 3063 e.
1358 3032 1394 3064 m.

342 3094 388 3126 sec.
433 3083 488 3126 251.
509 3081 621 3126 Lassatos
639 3097 757 3140 nunqnam
776 3079 807 3127 A.
825 3079 855 3127 Β.
873 3079 911 3127 Pi.
928 3079 985 3142 Bip.
1008 3097 1109 3142 unquam
1128 3081 1159 3128 G.
1177 3081 1208 3128 0.
1227 3079 1294 3142 quod
1310 3088 1394 3128 tenen-

342 3142 410 3190 dum.
455 3148 510 3190 252.
530 3146 645 3204 Turpibns
665 3146 690 3189 in
709 3145 804 3204 quantis
823 3144 854 3190 G.
882 3147 950 3191 Turb.
968 3146 994 3191 in
1010 3148 1104 3206 quantis
1123 3145 1153 3192 B.
1171 3144 1209 3192 Pi.
1226 3146 1258 3192 0.
1276 3145 1332 3205 Bip.
1352 3146 1396 3191 beu

342 3209 436 3268 quantis
449 3208 479 3254 V.
493 3208 536 3254 Gr.
550 3208 579 3254 L.
617 3212 673 3254 253.
690 3209 782 3255 Cotibns
793 3225 858 3268 aqna
872 3208 902 3255 Β.
917 3208 956 3255 Ρί.
970 3210 1001 3256 0.
1016 3208 1072 3269 Bip.
1093 3211 1197 3257 cautibus
1210 3210 1241 3256 V.
1259 3210 1290 3256 R.
1304 3211 1348 3257 Gr.
1363 3210 1395 3257 G.

342 3287 397 3332 quae
407 3278 522 3329 corrupte
534 3271 630 3330 praefert
642 3273 753 3317 euntibus.
791 3275 846 3319 256.
863 3273 900 3318 Ne
911 3275 991 3319 uidear
1001 3275 1069 3320 detor.
1086 3276 1117 3322 G.
1154 3278 1209 3322 257.
1230 3275 1331 3321 Vivimus
1347 3276 1391 3334 inf

341 3337 452 3395 defectum
466 3334 497 3380 R.
513 3333 606 3380 vitiose.
627 3335 653 3380 in
667 3336 736 3392 firmi
754 3334 785 3381 0.
829 3339 884 3382 258.
901 3337 952 3382 Nos
967 3343 992 3382 et
1008 3353 1029 3384 a.
1045 3353 1077 3384 m.
1093 3353 1140 3385 seo.
1161 3355 1207 3384 non
1223 3355 1282 3396 uero,
1300 3341 1343 3400 ins.
1361 3339 1396 3386 V.

340 3397 433 3445 vitiose.
456 3398 575 3444 Noluerim
589 3398 620 3444 G.
635 3404 660 3445 et
671 3400 717 3444 hoc
728 3398 905 3460 praeicrendum
917 3399 1014 3447 videtur
1025 3401 1133 3464 vulgatae
1146 3404 1252 3450 Nolueno.
1289 3407 1344 3451 264.
1361 3403 1397 3449 Et

341 3469 388 3509 tam
395 3478 433 3523 pr.
449 3465 510 3524 quod
520 3463 577 3508 male
588 3470 661 3510 mutat
671 3479 707 3524 op.
722 3463 756 3512 B.
771 3462 809 3510 Pi.
827 3464 858 3511 0.
898 3465 971 3512 Forte
984 3467 1032 3514 En
1047 3474 1094 3513 tam
1110 3466 1209 3526 conjicit
1223 3467 1305 3515 Pulm.
1342 3471 1396 3516 Heu

341 3534 388 3574 tam
395 3529 472 3588 procl.
488 3528 519 3574 R.
540 3543 609 3589 quum
619 3529 677 3576 mab
688 3536 762 3575 mutat
772 3545 828 3590 opus
842 3529 873 3577 R.
891 3531 922 3578 V.
943 3547 1011 3593 qnam
1022 3531 1161 3579 mole'mittit
1175 3533 1206 3579 G.
1226 3537 1340 3593 corrupte
1350 3546 1396 3592 pro

341 3599 416 3638 nutat.
436 3595 498 3654 qnod
513 3594 597 3640 indum
614 3601 681 3640 nutat
696 3593 730 3640 L..
760 3593 800 3641 Ex
820 3594 859 3640 his
876 3594 1016 3658 colligimus
1034 3596 1165 3658 legendum
1186 3611 1237 3643 esse
1254 3613 1323 3657 quom
1338 3597 1396 3642 male

341 3664 409 3702 nutat
419 3673 482 3717 opus.
520 3661 575 3704 261.
588 3658 688 3718 Inopina
699 3666 800 3705 senectus
813 3659 844 3706 A.
859 3659 889 3707 B.
904 3659 942 3707 Pi.
958 3661 988 3708 Ο.
1004 3659 1060 3722 Bip.
1081 3659 1123 3708 sed
1135 3663 1231 3707 incurva
1242 3677 1289 3707 sen.
1305 3661 1336 3707 V.
1350 3660 1394 3708 Gt.

342 3719 374 3766 L.
391 3721 421 3767 G.
443 3719 510 3782 quod
526 3720 578 3768 sine
594 3720 671 3768 dubio
686 3721 777 3770 rectius
793 3722 924 3786 aptiusque
940 3731 984 3786 est.
1032 3729 1086 3773 262.
1104 3727 1182 3774 Sidene
1193 3727 1333 3786 ponderibus
1348 3725 1394 3772 Gr.

341 3799 391 3830 non
408 3785 478 3832 male.
499 3784 541 3832 sed
558 3784 605 3832 vid.
618 3802 639 3832 v.
656 3788 711 3834 274.
759 3791 814 3834 263.
830 3788 896 3844 Erqo
912 3791 964 3850 quie
980 3791 1066 3850 cupiat,
1085 3789 1175 3836 omisso
1192 3791 1242 3845 bas,
1257 3789 1288 3836 R.
1336 3793 1392 3837 264.

343 3849 427 3896 Animo
443 3851 508 3909 defic.
525 3849 556 3897 V.
602 3854 656 3898 266.
678 3851 753 3905 Quam
769 3852 862 3912 sepelire
874 3853 903 3899 L.
919 3868 933 3898 a
949 3868 1013 3900 mern.
1026 3869 1072 3900 sec.
1099 3855 1167 3908 Quod
1182 3870 1261 3900 sensns
1277 3855 1346 3900 menti
1362 3855 1397 3900 sic

341 3913 434 3973 sepelire
450 3930 496 3960 sue.
514 3914 546 3962 G.
590 3918 645 3962 268.
661 3915 747 3962 Dicere
758 3916 814 3976 jure
830 3919 902 3977 nefas.
918 3915 956 3964 Pi.
982 3919 1056 3964 dicere
1068 3919 1128 3979 jura
1147 3917 1176 3964 B.
1192 3918 1223 3965 0.
1241 3917 1299 3979 Bip.
1321 3920 1396 3965 dicere

333 3977 404 4035 jussa
418 3977 449 4026 G.
469 3979 630 4039 discerejussu
643 3979 674 4026 V.
690 3979 721 4026 G.
744 3979 829 4027 Placet
832 3982 910 4041 jussa.
947 3983 1002 4030 270.
1019 3984 1061 4029 Fit
1071 3985 1135 4029 modo
1146 3983 1222 4043 turpis
1233 3998 1304 4045 equus
1316 3983 1346 4029 L.
1360 3983 1392 4028 V.

344 4040 374 4086 R.
393 4040 437 4112 Gr.
456 4041 486 4087 G.
507 4044 549 4102 qui
559 4045 624 4090 modo
637 4045 713 4109 turpis
727 4043 757 4090 B.
775 4043 813 4091 Pi.
831 4044 861 4091 0.
880 4044 935 4106 Bip.
980 4048 1033 4094 271.
1050 4049 1139 4107 Rapidi
1152 4046 1183 4092 V.
1202 4046 1246 4095 Gr.
1263 4047 1293 4094 l..
1311 4047 1343 4094 G.
1360 4046 1392 4093 Ο.

341 4110 421 4152 caeteu
433 4103 521 4151 melius
533 4108 618 4152 rabidi.
656 4109 743 4154 Fracta
755 4111 792 4155 die
803 4107 916 4156 emendat
931 4110 1103 4158 Ommerenus.
