3228 4982
370 407 410 468 18
685 413 871 462 murriones
889 394 1095 460 Etesiarum

391 549 506 626 laribus
535 548 640 624 factas,
670 549 734 612 sive
764 548 874 612 classes
903 547 1076 611 editionum
1102 547 1237 612 diversas
1260 569 1421 612 enarrare.

369 572 487 698 l‘rimae
505 644 538 696 et
560 633 746 719 incorruptae
770 633 922 697 editiones
940 645 1012 697 ante
1036 633 1209 697 Gauricum
1232 633 1324 697 factae
1343 646 1423 697 sunt

369 741 488 805 paucae.
535 719 674 784 Primam
697 719 848 796 omnium,
895 731 941 782 ost
963 719 1148 782 Goldastum
1172 718 1205 780 in
1227 719 1354 782 Praefat
1377 719 1423 783 ad

371 804 464 870 Ovid.
482 802 652 880 Catalecta‚
678 805 855 868 Bernardus
872 743 1004 867 liloneta
1025 804 1058 866 in
1083 803 1281 886 Menagianis
1303 815 1381 867 tom.
1397 805 1420 867 i.

370 911 400 974 p.
415 895 489 965 339,
506 912 572 952 esse
595 901 702 954 censet
717 889 933 965 Parisiensem‚
950 890 1038 974 cujus
1053 889 1232 973 exemplum
1252 889 1285 951 in
1303 889 1421 954 biblio-

371 975 463 1038 theca
487 974 705 1040 Mazariniana
726 974 838 1050 extitit,
865 975 1005 1039 Gothicis
1031 974 1140 1038 litteris
1163 974 1359 1058 impressum,
1384 975 1419 1037 in

371 1067 434 1136 sto,
451 1071 484 1124 et
506 1061 594 1146 cujus
616 1061 848 1146 inscriptionem
870 1059 1091 1146 lepidissimam
1106 1059 1234 1142 dignam
1251 1060 1418 1143 judicarit,

371 1169 467 1234 quam
489 1145 644 1230 integram
666 1156 852 1231 opponeret:
878 1146 1111 1231 Perjucundus‚
1122 1148 1278 1230 juvenum
1292 1168 1420 1230 quoque

371 1235 485 1297 mirum
507 1235 541 1296 in
563 1235 687 1296 modum
705 1235 884 1296 demulcens
899 1233 1032 1304 animos,
1050 1231 1184 1304 libellus,
1206 1254 1298 1314 quem
1313 1255 1419 1316 nuga-

371 1339 441 1380 rum
464 1318 666 1400 Maximiani
691 1317 822 1381 insaritis
846 1316 1032 1380 Alexander
1058 1317 1213 1389 intitulat,
1243 1317 1419 1400 impressas

372 1401 550 1476 Parrhisii,
570 1424 670 1486 opera
694 1401 967 1485 exactissimaque
990 1401 1163 1486 diligentia
1184 1402 1343 1483 Stephani
1362 1401 1420 1466 Je-

371 1488 502 1560 hannot,
526 1495 559 1550 et
574 1487 669 1550 Petri
681 1487 726 1550 .le
740 1487 847 1560 Drou,
869 1485 998 1549 Artium
1024 1486 1253 1570 magistrorum
1276 1495 1308 1548 et
1333 1486 1419 1570 vigi·

372 1571 622 1636 lautissimorum
637 1571 874 1656 impresseram.
919 1570 1020 1634 Hunc
1034 1572 1063 1635 si
1075 1593 1183 1654 parvo
1198 1571 1419 1634 nummismate

372 1678 565 1742 comparare
587 1656 689 1740 cupis,
705 1657 848 1720 venalem
868 1656 903 1720 in
925 1657 995 1721 vica
1017 1656 1123 1720 sancti
1137 1655 1258 1719 Jacobi
1272 1656 1420 1740 reperies

372 1741 406 1806 in
427 1744 519 1805 domo
542 1745 683 1826 quadam
698 1751 773 1806 ante
788 1741 998 1806 Mathurinos
1011 1742 1087 1816 sita,
1101 1741 1207 1825 juata
1226 1739 1419 1823 Carnificem

372 1826 573 1900 sanissimae,
590 1827 726 1890 humano
764 1849 801 1890 ro
817 1849 964 1912 corpore,
978 1849 1093 1890 earnes
1107 1827 1301 1890 vendentem.
1336 1823 1420 1885 Fon-

372 1907 497 1972 taninus
519 1908 539 1972 l.
556 1931 582 1972 c.
604 1931 635 1993 p.
651 1915 703 1972 49.
749 1932 766 1972 e
788 1909 848 1973 hac
867 1909 1003 1974 editione
1018 1909 1150 1994 judicat,
1166 1909 1273 1972 deesse
1290 1908 1419 1991 quidem

372 2015 491 2060 annum
511 1993 728 2078 impressionis,
744 1994 800 2057 sed
815 1995 1025 2058 characterem
1044 1995 1183 2080 aliosque
1203 1993 1297 2057 libros
1313 1995 1353 2057 ab
1368 1994 1421 2056 iis-

373 2079 447 2144 dem
470 2079 669 2166 typographis
692 2080 732 2143 A.
743 2081 785 2143 D.
804 2084 885 2142 1496
910 2090 943 2143 et
967 2084 1059 2154 1497,
1084 2079 1247 2164 impressos
1265 2079 1419 2154 evincere,

373 2165 488 2230 factam
509 2189 575 2230 esse
596 2166 678 2230 circa
694 2166 733 2229 A.
745 2166 787 2228 Ι).
806 2170 897 2230 1500.
944 2166 994 2228 Ex
1007 2166 1067 2230 hac
1081 2164 1235 2228 sententia
1251 2163 1421 2228 Fontanini

375 2249 555 2314 Parisiensis
577 2251 647 2314 hoec
668 2251 764 2314 editio
786 2251 916 2314 minime
938 2251 1039 2336 prima
1054 2250 1195 2315 omnium
1214 2250 1361 2314 habenda
1374 2250 1421 2312 vi·

372 2334 473 2410 detur,
495 2335 550 2398 sed
572 2335 725 2398 recentior
747 2357 813 2398 esse
836 2358 883 2411 ea,
900 2359 971 2419 quae
995 2336 1027 2400 in
1050 2336 1156 2400 codice
1179 2335 1284 2418 aliquo
1300 2333 1421 2399 Biblio-

372 2419 474 2484 thecae
498 2419 699 2484 Academicos
725 2419 985 2484 Helmstadiensis
1008 2421 1149 2506 pluribus
1174 2420 1260 2484 libris
1283 2420 1421 2505 antiquis

372 2505 488 2570 innexa
509 2515 605 2581 extat,
630 2516 662 2569 et
685 2505 751 2568 sine
776 2507 850 2569 anni
873 2506 996 2590 locique
1022 2507 1180 2571 notatione
1201 2506 1339 2590 quidem,
1365 2506 1421 2568 sed

372 2601 490 2668 tamen,
515 2602 551 2656 ut
574 2613 613 2654 ex
636 2590 722 2655 libris
746 2593 919 2675 conjunctis
942 2593 1087 2676 colligere
1111 2592 1194 2667 licet,
1218 2592 1300 2654 intra
1322 2613 1420 2654 annos

377 2681 459 2741 1470
483 2687 516 2740 et
533 2681 626 2751 1480,
648 2687 680 2740 et
703 2677 735 2740 in
757 2678 930 2742 Germania
953 2678 1091 2762 quidem,
1116 2679 1265 2762 impressa
1287 2675 1419 2740 videtur.

374 2759 459 2824 Nam
482 2762 515 2824 in
539 2783 577 2824 eo
601 2761 706 2824 codice
730 2761 831 2846 primo
849 2763 917 2826 loco
936 2773 1009 2826 sunt
1033 2762 1127 2825 Plinii
1151 2763 1179 2824 Ε
1202 2762 1300 2826 istolae
1322 2785 1420 2825 manu

372 2846 496 2932 scriptae
518 2869 537 2910 a
553 2846 690 2930 Georgia
707 2847 820 2923 Breuz,
836 2869 919 2912 anno
937 2852 1029 2923 1477,
1045 2858 1078 2910 et
1099 2848 1132 2910 in
1147 2785 1231 2911 calce
1254 2848 1420 2932 adjunctus

372 2931 453 2996 liber
467 2932 515 2997 Jo.
534 2932 678 2998 Boccacii
693 2933 732 2998 de
748 2932 838 2998 claris
851 2933 1044 3009 mulieribus,
1060 2933 1225 3019 impressus
1243 2933 1350 2997 Ulmae
1364 2957 1421 3017 per

373 3017 528 3082 loannem
555 3019 687 3083 Caeiner
716 3021 756 3084 de
783 3020 984 3104 Reutlingen,
1010 3043 1092 3084 anno
1119 3024 1210 3084 1473.
1256 3018 1420 3102 Inscriptio

372 3103 470 3166 libelli
497 3113 561 3165 est:
586 3106 787 3168 Maximiani
805 3107 997 3188 philosophi
1020 3117 1119 3188 atque
1142 3107 1284 3169 oratoris
1304 3107 1420 3168 claris-

372 3189 446 3254 simi
461 3189 566 3249 ethica
586 3187 697 3249 suanis
717 3197 749 3249 et
796 3189 971 3268 erjocunda
985 3190 1110 3270 Incipit
1121 3189 1285 3271 feliciter.
1334 3188 1421 3252 Finis

371 3268 470 3332 libelli
485 3290 590 3331 versus
606 3279 740 3351 quatuor
753 3210 879 3343 alienos,
896 3291 1011 3352 eosque
1026 3269 1159 3345 vitiosos,
1175 3270 1272 3332 habet
1289 3270 1420 3354 adjunc-

371 3363 428 3428 tos,
445 3376 463 3416 e
477 3363 570 3437 poeta
584 3353 688 3416 nescio
705 3376 766 3436 quo
782 3353 844 3415 huc
858 3363 977 3417 temere
991 3354 1109 3418 illatos:

458 3441 603 3505 Praemia
618 3439 792 3521 tolformce
806 3461 952 3504 nunteres
967 3442 1040 3527 quis
1054 3464 1131 3505 voce
1135 3441 1293 3527 fatenda,

504 3525 661 3611 Quodque
670 3536 783 3611 potest
798 3525 911 3590 laudes
926 3528 1033 3592 dicere
1048 3529 1163 3614 lingua
1180 3537 1265 3593 tuas.

461 3610 617 3684 Quamuis
630 3614 762 3677 nocivas
776 3613 941 3677 intendere
957 3615 1066 3678 dicere
1080 3636 1185 3689 uoces,

500 3696 694 3758 Destituant
708 3697 806 3760 aerha
814 3707 933 3779 pectus
947 3699 1065 3762 hunela
1080 3721 1181 3762 uicum
1190 3702 1211 3761 ⁵.

405 3829 416 3862 ⁵
429 3825 469 3878 Hi
480 3833 596 3896 quatuor
606 3844 698 3880 versus
713 3829 804 3897 paullo
817 3847 875 3882 cor·
912 3831 1007 3898 habeo,
1028 3838 1087 3885 tum
1109 3832 1191 3886 etiam
1213 3833 1420 3902 Luneburgensi

369 3895 504 3979 rectiores,
514 3903 595 3966 atque
604 3896 685 3950 etiam
695 3900 877 3981 quatuoraliis
914 3900 1035 3968 Niclasii,
1062 3920 1128 3972 quos
1152 3909 1242 3957 tamen
1265 3904 1310 3956 hic
1334 3920 1420 3972 neque

369 3972 501 4019 auctiores
521 3967 620 4035 pariter
636 3968 815 4036 subj1oiuntur
827 3987 872 4022 co·
909 3978 1039 4041 repetere,
1061 3989 1149 4040 neque
1168 3974 1309 4028 emendare
1333 3989 1420 4042 operae

369 4034 421 4088 dici
443 4034 583 4101 Vossiano,
607 4038 683 4106 quus
705 4039 874 4092 collationem
910 4041 1026 4109 pretium
1038 4042 1139 4110 putavi.
