3228 4982
388 420 429 485 Iu
447 419 692 486 Msxrnmuun
711 416 1033 484 Wnnusuonmsun.
1201 421 1242 484 te

188 577 279 630 operae
295 566 430 613 eonsuetae
446 558 608 628 puellarum,
623 575 689 628 quas
705 557 827 610 deserere
844 565 871 610 et
888 556 1026 626 negligere
1042 555 1176 622 dicuntur,
1191 557 1244 610 alio

192 631 275 684 animi
292 630 381 684 studio
393 629 437 682 vel
452 631 545 682 morbo
563 630 689 697 abreptae.
729 628 832 681 Auctor
845 627 917 682 Ciris
929 645 953 680 v.
971 633 1032 681 177:
1053 628 1140 680 Nulla
1159 630 1245 682 coium

191 704 285 756 nouit:
309 718 404 754 aarum
426 717 474 752 nec
494 702 607 768 respicit
624 715 738 750 aurum:
757 699 822 752 Non
840 699 944 766 Libyco
963 699 1055 752 molles
1072 699 1245 767 plauduntur

187 775 297 840 pectine
314 773 382 824 tela.
421 769 492 824 ovid
515 769 583 822 Met.
601 767 634 820 iv.
655 773 702 821 10:
729 769 869 836 Teirsque,
888 768 1072 837 calathosque,
1092 770 1245 891 inpectaque

188 860 277 910 pensa
295 845 551 909 reponunt—14.
565 840 625 892 Nec
641 839 755 892 alternis
768 841 882 892 reddare
894 840 976 892 uerba
989 835 1084 905 notis]
1132 839 1246 908 ntelligo

193 913 226 964 de
238 911 359 981 epistolis
371 911 413 963 vel
425 909 531 963 tabellis
542 917 639 962 mutuo
650 909 747 973 missia,
763 917 789 961 et
806 925 963 976 responsum
980 908 1134 961 ferentibus.
1173 908 1245 962 Nam

192 991 262 1036 nota
280 988 419 1050 ponuntur
436 996 485 1049 pro
503 979 609 1045 litteris,
630 979 706 1032 utin
725 979 777 1030 hoe
796 978 888 1032 Ovidii
906 979 942 1032 A.
956 978 993 1031 A.
1007 979 1045 1031 iii.
1059 984 1126 1031 469:
1155 980 1245 1032 Verba

194 1054 293 1106 uadum
316 1059 416 1104 tentent
433 1051 557 1118 abieqnis
574 1052 679 1116 scripta
698 1050 823 1102 tabellis:
842 1049 974 1116 Accipiat
990 1051 1088 1102 missas
1106 1058 1174 1117 apta
1192 1052 1243 1102 rni-

192 1125 281 1175 nistra
295 1131 382 1175 notas.
405 1121 516 1174 alterna
528 1128 599 1173 nette
617 1126 680 1172 sunt
698 1119 815 1172 invicem
833 1119 939 1188 scriptae
958 1125 985 1171 et
1003 1119 1100 1184 missae,
1115 1120 1243 1189 quemad-

193 1192 304 1245 modum
323 1193 424 1244 aiterni
444 1207 578 1244 sermones
600 1189 715 1242 Horatio
733 1188 768 1242 A.
787 1190 817 1242 P.
836 1193 880 1254 81,
902 1197 965 1242 sunt
986 1189 1093 1258 dialogi.
1137 1189 1246 1243 Plenius

194 1262 330 1332 eloquitur
342 1261 420 1314 Ovid.
435 1278 469 1313 ex
481 1261 560 1313 Pont.
573 1260 608 1313 iv.
622 1264 648 1324 2,
664 1265 696 1312 6:
720 1262 836 1312 cessauit
852 1261 967 1327 epistola
984 1276 1120 1328 nunquam
1134 1262 1180 1313 Ire
1192 1278 1246 1328 per

193 1334 315 1386 alternas
328 1333 450 1400 officiosa
463 1333 659 1384 vices.--—15.
676 1331 795 1382 Tantum
808 1332 836 1382 in
848 1338 998 1397 conspectu,
1014 1327 1081 1397 etc]
1108 1329 1170 1382 Hoc
1182 1337 1243 1383 tan-

195 1410 253 1456 tum
271 1402 404 1466 studebat,
419 1407 450 1454 ut
466 1401 572 1453 assidue
590 1407 661 1452 stare
678 1399 707 1452 in
725 1406 879 1468 conspectu,
894 1407 921 1452 et
938 1399 1074 1469 adspicere
1092 1400 1246 1470 adspicique

194 1473 283 1538 vellet,
305 1490 358 1542 quo
378 1479 468 1524 tamen
487 1470 576 1523 studio
594 1469 662 1522 nihil
686 1469 744 1539 ipsa
762 1469 1040 1540 proficiebat—16.
1061 1472 1146 1524 Tanti
1161 1489 1245 1540 pana

194 1546 311 1596 secunda
328 1539 420 1609 maii]
456 1541 518 1594 Hoc
534 1540 650 1594 alterum
665 1540 815 1605 illuderet,
835 1540 907 1610 quod
923 1541 953 1593 in
970 1540 1022 1592 isto
1041 1541 1112 1593 malo
1130 1559 1178 1594 nos
1196 1559 1244 1594 ex·

194 1613 334 1667 cruciaret.
373 1613 460 1664 Poena
479 1611 577 1680 saepius
595 1611 682 1663 utitur
700 1618 792 1662 noster
812 1627 860 1679 pro
879 1610 1002 1662 molestia
1019 1617 1047 1663 et
1065 1611 1194 1676 cruciatu,
1215 1619 1246 1664 ut

194 1683 273 1752 Eleg.
287 1684 306 1737 i.
321 1689 346 1748 4,
365 1687 422 1735 183.
436 1685 613 1735 241.--l9.
627 1681 800 1734 Prensabant
817 1682 907 1734 oculos
924 1677 1080 1762 nutusque]
1110 1681 1244 1734 Observa-

194 1755 269 1819 bant,
283 1753 454 1822 arripiebant,
470 1753 644 1816 annotabam,
658 1758 689 1804 ut
701 1750 764 1803 inde
775 1758 928 1819 arguerent.
961 1749 1040 1804 Ovrd.
1055 1752 1118 1804 Am.
1131 1750 1159 1805 ii.
1175 1757 1199 1816 7,
1214 1758 1244 1806 6:

194 1826 229 1876 In
246 1826 321 1877 vultu
341 1825 442 1876 tacitas
460 1824 557 1890 arquis
579 1839 637 1875 esse
655 1822 967 1889 notas.—-23.1tupit
984 1824 1147 1874 verecundia
1159 1823 1244 1891 fron-

194 1891 273 1962 tem,]
300 1893 468 1957 verecundia,
487 1909 548 1962 quse
564 1892 652 1944 adhuc
668 1891 729 1957 luit,
747 1899 828 1960 rupto
844 1897 871 1944 et
888 1891 976 1944 soluto
993 1892 1066 1944 omni
1084 1893 1195 1961 pudore,
1213 1893 1246 1945 de

194 1964 282 2018 fronte
300 1963 429 2033 profugit.
467 1962 546 2015 Ouid.
561 1961 628 2015 Her.
642 1961 676 2015 iu.
694 1965 759 2014 155:
780 1963 934 2029 Depuduit,
950 1963 1140 2031 prosaqusque
1154 1965 1247 2031 pudor

194 2038 338 2102 suasique
351 2035 488 2102 relinquit.
526 2032 613 2085 Frons
631 2040 663 2084 ut
680 2032 756 2084 sedes
775 2032 893 2100 pudoris,
907 2033 946 2084 ita
964 2032 1021 2102 ipse
1039 2033 1133 2101 pudor.
1171 2034 1245 2087 Pers.

195 2123 220 2159 v.
237 2109 302 2159 104:
326 2106 462 2158 acclamat
474 2105 594 2171 periisse
615 2104 743 2156 Frontem
762 2105 795 2155 de
814 2103 901 2156 rebus.
940 2101 1077 2156 Caeterum
1095 2103 1139 2156 bie
1157 2103 1247 2156 minus

196 2182 320 2228 accurate
337 2191 395 2226 rem
413 2174 535 2226 elocutus
554 2179 594 2225 est
611 2171 804 2237 Maximianus,
819 2172 924 2225 etiamsi
939 2172 1032 2224 aritio
1049 2173 1128 2225 metri
1146 2173 1246 2227 disces-

196 2245 386 2298 seris—24.
406 2245 522 2297 Penitus
538 2244 658 2312 flamma
683 2252 792 2310 recepta
817 2238 896 2311 ἱερεῖ]
932 2242 1011 2296 ovid.
1035 2242 1107 2296 Fast.
1129 2262 1153 2298 v.
1176 2249 1245 2298 403:

191 2318 355 2385 penitusque
367 2323 477 2383 recepta
497 2315 620 2378 Ossibus,
635 2322 662 2366 et
680 2320 735 2366 toto
747 2331 860 2382 corpore
873 2316 962 2381 pestis
978 2319 1163 2368 erat.-—--·25.
1177 2314 1248 2368 Mos

196 2394 310 2454 captare
328 2387 400 2439 iocos
418 2393 445 2438 et
462 2381 609 2452 tempora]
643 2383 809 2448 Lectionem,
824 2401 905 2452 quam
922 2383 966 2435 hie
982 2401 1087 2452 sequor,
1106 2385 1248 2438 meliorum

196 2457 326 2510 librorum
344 2471 387 2508 res
405 2455 464 2523 ipsa
481 2461 509 2506 et
527 2471 592 2506 usus
610 2453 777 2505 confirmant.
816 2453 888 2505 Nam
904 2453 993 2505 locum
1006 2462 1033 2505 et
1047 2461 1170 2523 tempora
1182 2473 1246 2508 con-

197 2527 307 2579 stituere
319 2533 440 2578 amantes
452 2524 549 2589 solent,
563 2523 611 2576 ubi
622 2523 791 2576 conveniant.
824 2523 886 2576 Vid.
901 2522 980 2576 ovid.
995 2523 1063 2576 Met.
1078 2523 1113 2578 ir.
1127 2529 1161 2578 63
1174 2543 1247 2596 seqq.

197 2716 292 2767 rectioi.
329 2717 380 2775 Qui
391 2718 457 2768 enim
468 2716 577 2764 carmina
588 2715 655 2777 spud
668 2715 814 2778 Aquilinum
828 2715 932 2774 jacuisse
948 2714 1029 2763 dicere
1044 2722 1139 2776 poterat
1155 2725 1249 2775 auctor,

198 2801 274 2849 quam
289 2800 347 2830 mox
364 2801 386 2830 v.
406 2788 443 2830 14.
460 2783 566 2828 affimat
583 2782 686 2828 scribere
704 2796 753 2826 uon
771 2780 888 2840 potuisse.
922 2779 978 2828 Nisi
996 2781 1065 2836 forte,
1084 2781 1127 2842 qui
1145 2785 1249 2829 camina

198 2849 355 2910 seripserunt,
367 2865 456 2894 cannen
467 2863 482 2893 a
496 2844 601 2892 carendo
617 2846 706 2900 lanam,
718 2845 755 2891 vel
772 2844 973 2891 terminationem
990 2844 1052 2892 lanoe
1067 2843 1249 2895 intellexerunt.

201 2913 270 2961 Hine
281 2913 347 2961 enim
359 2915 463 2959 cannino
479 2919 504 2957 et
520 2912 620 2957 mannua
637 2909 662 2955 in
679 2909 793 2969 pluribus
808 2918 937 2969 poetarum
953 2905 1014 2955 locis
1030 2909 1147 2956 confundi
1158 2919 1183 2957 et
1195 2927 1249 2971 per-

199 2977 290 3025 mutari
306 2984 390 3024 monet
409 2976 497 3022 Burm.
511 2973 613 3021 Antbol.
626 2972 682 3021 Lat.
700 2973 748 3020 vol.
765 2969 791 3020 ii.
808 2990 833 3034 p.
846 2977 901 3021 267.
945 2977 983 3020 13.
997 2974 1051 3020 Non
1068 2990 1137 3034 saper.
1154 2975 1185 3022 R.
1202 2993 1250 3037 qua

198 3059 273 3090 mcum
280 3059 374 3104 pascere
385 3043 466 3101 iqnem,
478 3041 510 3086 G.
521 3037 615 3086 vitiose.
651 3042 688 3086 14.
701 3039 779 3085 Docta
790 3055 830 3084 nse
839 3037 947 3099 alloquiis
960 3037 991 3085 G.
1027 3041 1064 3085 15.
1081 3041 1186 3086 Studium
1195 3055 1248 3100 per·

199 3110 275 3154 nabat
285 3109 355 3152 inane
369 3107 399 3152 R.
412 3105 442 3153 L.
460 3107 485 3150 in
497 3111 635 3166 muspedum
646 3104 723 3149 studio
735 3105 853 3163 prestabat
864 3103 937 3149 inani.
953 3102 984 3148 G.
1001 3101 1043 3148 scd
1055 3102 1161 3166 vulgata,
1174 3120 1249 3166 quam

199 3171 320 3226 dedimus,
337 3169 411 3217 lectio
427 3168 521 3215 melior.
563 3172 600 3216 16.
615 3169 677 3214 Ans.
695 3168 730 3214 oei
748 3169 794 3213 solo
809 3168 897 3213 lamina
912 3169 978 3212 eorde
988 3168 1011 3227 f.
1028 3167 1056 3213 B.
1072 3168 1103 3215 0.
1118 3176 1143 3215 et
1160 3167 1250 3231 alique

199 3235 351 3283 recentiores
368 3237 397 3280 de
407 3235 453 3280 solo
465 3233 495 3280 L.
515 3235 561 3279 solo
574 3234 659 3279 lumine
674 3233 743 3278 corda
753 3234 843 3293 savena
857 3231 888 3279 L.
902 3231 931 3278 P.
949 3230 987 3278 Pi.
1016 3231 1087 3278 Idem
1098 3247 1142 3292 per
1153 3238 1248 3294 conjec-

199 3309 280 3347 turam
291 3298 377 3346 statuit
391 3300 562 3347 Ommerenus.
607 3300 644 3344 17.
661 3298 802 3357 Predaqoqus
817 3298 870 3343 adit
883 3313 924 3352 me,
935 3298 1005 3342 illam.
1020 3297 1076 3343 Bss.
1091 3297 1129 3344 Pi.
1143 3298 1180 3346 ed.
1195 3299 1248 3346 He-

199 3380 253 3412 nov.
265 3372 291 3412 et
301 3364 384 3424 plures
395 3371 484 3409 recent.
499 3377 555 3408 cum
571 3360 627 3420 Bip.
660 3363 699 3407 lile
706 3363 839 3422 pdaqaqus
849 3364 907 3417 adit,
919 3363 989 3408 illam.
1004 3361 1035 3408 V.
1049 3363 1079 3408 ll.
1091 3362 1120 3410 L.
1132 3363 1161 3410 P.
1174 3363 1204 3411 A.
1217 3365 1248 3412 0.

199 3437 224 3476 et
235 3428 269 3476 sic
280 3444 310 3476 ex
324 3429 409 3488 Mspto
420 3426 503 3474 Jureti
514 3425 574 3488 legit
592 3425 689 3472 Salmas.
703 3425 734 3471 sd
752 3425 831 3484 Spart
845 3441 870 3485 p.
887 3430 940 3473 156.
955 3433 1055 3472 notante
1068 3426 1180 3474 Heinsio.
1212 3430 1251 3474 Me

195 3497 329 3555 pedaqoqus
340 3494 414 3546 tabet,
426 3493 496 3538 illam.
511 3490 543 3537 G.
589 3493 625 3537 16.
644 3491 721 3536 Taciti
735 3497 760 3535 et
776 3504 850 3548 supra
865 3492 926 3535 tanti
939 3489 968 3535 L.
1013 3494 1050 3537 19.
1064 3491 1251 3553 Prensabantque

202 3557 233 3607 B.
247 3558 285 3605 Pi.
300 3558 332 3605 Ο.
352 3559 485 3603 Pensabant
495 3555 533 3602 vel
544 3556 669 3614 &nabent
681 3554 713 3600 V.
728 3554 760 3600 R.
774 3553 819 3600 Gr.
832 3553 862 3600 L.
877 3553 908 3600 G.
943 3556 981 3600 20.
997 3555 1084 3600 Mentis
1092 3556 1173 3601 ducere
1182 3558 1251 3616 siqua

202 3622 232 3670 B.
246 3623 285 3670 Pi.
299 3622 331 3669 Ο.
346 3630 371 3668 et
387 3620 539 3668 recentiores.
557 3621 632 3665 dicere
647 3620 715 3679 niqra
731 3618 761 3664 L.
782 3621 859 3666 dicere
874 3619 966 3679 singula
982 3621 1042 3665 calm
1056 3619 1086 3664 G.
1132 3623 1171 3667 21.
1185 3623 1249 3668 Cam·

196 3691 322 3749 pressimus
334 3701 419 3733 omnes
429 3684 543 3746 vulgatae.
561 3688 719 3744 compescimus
733 3682 764 3730 R.
807 3687 845 3729 22.
860 3685 891 3730 Et
907 3685 973 3729 varia
989 3685 1066 3730 dulces
1081 3691 1127 3730 isa.
1140 3693 1190 3731 arte
1205 3689 1249 3733 dai.

199 3752 234 3798 sie
251 3751 365 3812 vulgata.
387 3748 430 3796 sed
445 3755 521 3796 aerias
538 3751 600 3796 daki
623 3747 654 3794 R.
668 3746 698 3795 L.
713 3747 744 3794 G.
780 3746 887 3794 Praeiero
903 3745 1034 3794 lectionem
1050 3747 1183 3809 vulgarem.
1202 3757 1252 3798 aru

192 3817 259 3879 jacar
270 3816 323 3862 vult
336 3814 477 3868 Witbofius‚
488 3829 512 3873 p.
524 3817 580 3860 324.
614 3816 653 3859 23.
667 3815 700 3858 At
711 3814 802 3858 tandem
817 3812 848 3858 R.
860 3813 904 3858 Gr.
918 3811 947 3859 P.
965 3816 1029 3872 rapit
1042 3816 1178 3859 uerecundia
1189 3831 1250 3861 rnen·

199 3891 250 3929 tem·
263 3883 295 3930 G.
313 3885 376 3941 rupit
393 3883 532 3927 oebenerrtia
541 3876 578 3939 sr.
594 3874 697 3938 arrigit
715 3875 855 3923 Witholius.
873 3891 948 3937 quem
968 3891 1017 3922 non
1036 3875 1118 3923 audio.
1153 3877 1251 3926 Vitium

200 3943 273 3992 metri
284 3945 309 3992 in
321 3960 379 3991 voce
390 3947 526 3991 uerecundia
537 3939 626 4002 sapius
636 3938 746 3987 admittit
757 3948 846 3995 noster,
858 3949 888 3986 ut
900 3956 921 3987 v.
933 3944 972 3988 61.
984 3940 1016 3986 V.
1024 3945 1064 3988 55.
1098 3945 1137 3988 25.
1152 3945 1251 4004 Captara

199 4014 267 4058 dolor.
281 4011 310 4057 B.
325 4009 363 4056 Pi.
378 4009 410 4056 0.
421 4015 447 4054 et
457 4006 519 4055 aliae.
537 4015 648 4068 temptare
657 4008 719 4052 dolos
731 4004 761 4052 L.
778 4013 873 4065 captare
884 4007 942 4052 locor
954 4004 985 4052 V.
997 4005 1041 4051 Gr.
1056 4005 1085 4052 P.
1102 4015 1184 4067 aptare
1194 4010 1252 4056 hrot

200 4077 231 4122 G.
243 4083 269 4122 et
280 4079 338 4122 beas
351 4073 402 4120 fere
418 4071 531 4133 preferre
545 4069 616 4117 alteri
632 4067 732 4117 lectioni
743 4068 824 4124 velim,
836 4068 895 4130 quia
910 4071 971 4117 dolor
985 4072 1036 4127 jam
1051 4068 1130 4118 adfuit
1141 4087 1163 4118 r.
1176 4077 1215 4120 22.
1226 4082 1251 4120 et

200 4139 260 4201 quis
270 4139 317 4186 loci
330 4147 355 4186 et
366 4147 477 4197 tempora
488 4136 634 4197 plerumque
645 4137 839 4194 conjunguntur.
