3228 4982
358 436 403 512 94
631 427 737 494 Nous
755 447 796 491 sr
813 426 934 494 Vinia
952 426 1147 492 Lscmcuss
1197 481 1200 486 .

359 564 1416 708 1111114111,ῖί1111311911010111111111111111110111111111)α111θξ1οῑ111ἓ6ὼ11ῑ1111ε111οζ111ἓ11

361 727 428 762 cara
439 715 467 763 et
478 707 595 778 gemina,
610 724 670 778 quae
682 723 812 760 manuum
828 706 970 775 compulsu
988 705 1118 759 tinnitum
1131 707 1223 760 edunt.
1261 705 1330 760 Haec
1343 706 1416 760 enim

362 796 450 850 neque
465 796 514 848 per
529 783 618 831 totum
634 794 732 846 corpus
748 777 873 845 pendere,
888 793 975 846 neque
991 775 1155 845 multiplices
1171 793 1251 830 sonos
1267 777 1346 830 edere
1359 775 1417 829 'dici

382 857 483 902 essunt.
524 849 696 918 Quamquam
718 846 882 915 multiplices
901 864 980 900 sonos
1000 847 1184 917 cymbalorum
1203 846 1287 900 fuisse
1305 864 1339 899 ex
1356 845 1417 916 ipso

362 865 414 972 hoc
427 918 587 973 Maximiani
603 917 663 970 loco
679 919 792 987 probare
808 923 921 970 conatur
937 917 968 970 F.
982 915 1018 970 A.
1032 916 1136 986 Lampe
1148 917 1181 969 de
1195 916 1293 1000 Cqmb.
1310 935 1337 986 p.
1354 921 1413 982 178,

260 987 264 996 “
362 988 391 1043 id
404 996 495 1042 tamen
507 1005 570 1042 cum
582 1005 616 1041 ex
628 987 687 1042 aliis
699 987 877 1040 vetustiorum
889 992 1030 1040 auctorum
1047 986 1113 1040 locis
1126 987 1231 1040 ostend1
1248 993 1373 1056 nequeat,
1389 994 1417 1040 et

363 1059 478 1113 varietas
492 1075 622 1113 sonorum
637 1058 710 1111 haud
726 1057 834 1110 aliunde
846 1057 946 1123 venire,
961 1074 1042 1139 quam
1059 1057 1215 1110 evaristate
1231 1057 1415 1123 instrumenti,

363 1130 533 1195 chordarum,
547 1129 709 1182 foraminum
726 1127 892 1197 aliarumque
909 1134 1026 1196 partrum
1043 1127 1136 1196 possit,
1150 1127 1215 1180 hinc
1230 1127 1298 1179 mihi
1309 1127 1418 1180 videtur

364 1200 549 1254 Maximianus
561 1199 678 1270 cymbali
688 1198 849 1251 vocabulum
861 1214 930 1250 novo
943 1205 970 1250 et
982 1197 1175 1258 recentioribus
1188 1197 1294 1252 saeculis
1306 1197 1418 1253 inducto

364 1270 518 1340 significatu
534 1287 583 1339 pro
598 1269 707 1322 citharae
719 1269 762 1321 vel
778 1268 843 1337 lyrae
859 1285 958 1336 genere
974 1267 1104 1336 posuisse.
1142 1267 1181 1321 Et
1196 1266 1262 1338 lyrae
1279 1267 1361 1322 etiam
1378 1267 1418 1320 sic

364 1340 465 1410 gestari
477 1341 612 1405 dicuntur,
627 1347 658 1392 ut
674 1339 808 1408 pendeant
820 1355 854 1390 ex
866 1354 984 1407 corpore,
999 1337 1042 1390 vel
1057 1345 1133 1407 parte
1148 1337 1275 1407 corporis.
1314 1337 1416 1392 Tibull.

364 1411 403 1465 iii.
421 1416 447 1476 4,
461 1415 512 1464 88:
533 1411 650 1479 fulqeus
668 1411 801 1462 testudine
819 1417 847 1462 et
863 1425 933 1462 curo
952 1410 1096 1462 Pendebat
1112 1409 1181 1462 lava
1198 1408 1316 1476 querula
1330 1417 1417 1476 parte

365 1482 553 1550 lyra—ll.
568 1481 649 1533 Nunc
664 1481 751 1532 niveis
769 1481 874 1547 (1191111,
889 1475 956 1546 etc]
989 1479 1066 1548 Virg.
1081 1478 1146 1533 AEn.
1160 1478 1195 1533 vi.
1209 1484 1278 1532 647:
1298 1480 1418 1548 Jamque
1450 1481 1452 1488 '

365 1553 460 1604 eadem
472 1552 576 1618 diqr'tic,
582 1552 646 1618 jam
657 1552 763 1618 pectine
770 1551 868 1617 pulsat
880 1550 988 1604 eburno.
1021 1548 1076 1603 Sal.
1087 1549 1189 1602 Bassus
1201 1549 1236 1602 ad
1248 1548 1337 1602 Piscn.
1352 1553 1416 1602 154:

368 1623 434 1676 Siue
450 1619 544 1690 cbelqn
559 1623 655 1688 diqitis
672 1628 699 1673 et
714 1620 813 1674 eburno
832 1621 941 1673 verbere
956 1620 1179 1688 pulsas.--l2.
1193 1620 1302 1687 Arquto
1319 1621 1416 1688 quivit,

366 1689 434 1759 etc]
472 1691 517 1744 Ad
535 1690 767 1766 tactunqcitharae
787 1689 877 1759 potuit
896 1689 974 1742 dulce
993 1707 1101 1742 carmen
1120 1696 1217 1759 arguta
1235 1707 1300 1742 voce
1319 1689 1417 1744 dicere.

367 1760 441 1816 Hinc
453 1780 478 1816 v.
491 1767 536 1827 20,
548 1779 637 1815 vocem
649 1777 809 1828 manumque
821 1761 879 1828 ejus
891 1759 992 1826 laudat,
1007 1766 1035 1813 ct
1047 1759 1195 1828 respexisse
1211 1760 1301 1812 locum
1315 1759 1420 1814 Tibulli

366 1833 446 1886 modo
467 1832 580 1886 citatum
601 1831 716 1895 videtur,
737 1847 790 1900 quc
808 1830 913 1900 pergit:
936 1831 1019 1883 Hauc
1038 1829 1151 1900 (lyram)
1169 1833 1291 1898 primum
1310 1833 1420 1884 ueniens
1468 1841 1470 1848 ’

361 1904 469 1972 plectro
489 1903 645 1956 modulatus
666 1902 766 1955 eburno
786 1901 892 1954 Felices
911 1909 1006 1954 cantus
1026 1917 1073 1954 ore
1092 1909 1204 1954 sonante
1224 1903 1307 1954 dedit.
1330 1903 1420 1969 quivit

366 1972 515 2044 perfectum
531 1972 617 2042 posui,
633 1971 697 2042 quia
708 1970 845 2040 praecessit
856 1988 881 2025 v.
896 1977 920 2024 7.
966 1971 1051 2038 Virqo
1059 1971 1131 2040 fuit,
1146 1978 1173 2023 et
1184 1989 1209 2025 v.
1224 1977 1250 2036 9,
1265 1973 1323 2024 vidi
1339 1973 1419 2024 edere

366 2061 454 2098 sonos.
474 2044 604 2096 Murmur
614 2041 798 2095 Maximianus
811 2041 898 2094 dicere
913 2041 1019 2094 videtur
1035 2041 1123 2094 lenem
1140 2047 1250 2094 cantum
1262 2041 1306 2094 vel
1321 2041 1418 2094 modu-

366 2113 495 2167 lationem
511 2113 593 2178 vocis,
611 2118 642 2165 ut
657 2112 736 2182 Eleg.
749 2128 775 2167 v.
792 2115 831 2166 10.
871 2111 913 2165 Cl.
928 2111 1107 2165 Ommerenus
1124 2111 1233 2182 quidem
1249 2111 1328 2164 aliter
1345 2111 1419 2164 hunc

367 2183 458 2237 locum
473 2183 610 2252 intelligit,
625 2183 823 2252 legendumque
840 2187 930 2235 censet
942 2182 1041 2250 pulsas
1053 2190 1126 2250 pect.
1141 2181 1233 2236 ebora.
1247 2189 1275 2234 et
1287 2183 1364 2234 dulce
1377 2183 1417 2236 lo-

368 2257 417 2324 qui
428 2255 462 2307 ad
474 2253 592 2308 chordas
605 2253 695 2318 trahit,
711 2260 742 2306 ut
759 2253 792 2306 de
810 2252 867 2305 solo
880 2259 961 2305 cantu
974 2252 1083 2305 cithares
1096 2269 1182 2305 sermo
1195 2253 1239 2308 sit.
1278 2253 1332 2306 Sed
1343 2270 1418 2304 mur·

367 2342 428 2377 mur
440 2324 473 2377 de
486 2341 517 2376 eo
529 2330 612 2376 cantu
623 2323 669 2375 vix
685 2323 738 2375 dici
755 2329 851 2392 potest,
866 2329 948 2392 atque
966 2322 1019 2374 alia
1030 2329 1094 2375 sunt
1110 2322 1138 2374 in
1151 2323 1247 2388 verbis,
1263 2340 1323 2392 quse
1339 2322 1420 2375 istam

367 2393 616 2463 interpretationem
628 2393 902 2461 impediant-«49.
923 2394 1003 2446 Velut
1019 2396 1082 2446 visa
1095 2394 1209 2446 letabor
1221 2396 1303 2461 imaq.
1314 2389 1418 2463 form]

369 2463 448 2518 Ovid.
464 2463 537 2518 Fast.
551 2463 580 2517 ii.
594 2468 661 2517 769:
689 2464 823 2530 Carpitur
835 2465 965 2517 attonitos
976 2464 1096 2516 absentis
1112 2466 1229 2532 imaqiue
1245 2481 1338 2518 seusus
1350 2464 1419 2516 Ille.-

368 2537 525 2588 recordaati
540 2535 627 2602 plura
646 2536 788 2602 maqisque
804 2535 1041 2602 placeat—20.
1057 2534 1186 2587 Absentis
1205 2552 1267 2587 voce
1285 2551 1421 2602 manuque

359 2602 452 2676 frui]
482 2606 614 2658 Latabar
624 2606 699 2675 frui,
721 2605 841 2673 gaudens
862 2621 906 2656 me
925 2603 1091 2658 oblectabam
1112 2605 1296 2657 recordatione
1315 2621 1417 2669 comm,

369 2693 429 2746 quae
448 2693 507 2728 eam
525 2675 651 2728 vidissem
668 2692 733 2728 voce
751 2691 887 2744 manuque
905 2691 994 2742 agere,
1033 2691 1099 2727 uum
1118 2674 1191 2727 dulci
1208 2692 1281 2740 voce,
1302 2681 1330 2728 et
1347 2674 1421 2728 facili

368 2763 452 2799 manu
469 2745 581 2798 chordas
599 2745 709 2813 pulsans
727 2744 877 2798 cecinisset.
915 2743 993 2813 Virg.
1050 2762 1076 2796 n.
1097 2745 1132 2798 iv.
1150 2750 1200 2798 83:
1222 2746 1306 2798 Illum
1324 2746 1420 2799 absens

369 2816 504 2869 absentem
516 2818 648 2884 auditque
660 2816 911 2884 videtque—23.
928 2815 995 2868 Sine
1009 2823 1095 2868 mente
1107 2813 1258 2883 putabam]
1276 2815 1294 2869 i.
1308 2833 1332 2870 e.
1346 2815 1419 2868 dice·

368 2888 429 2940 bar:
449 2893 533 2952 erant,
544 2886 591 2957 qui
603 2885 723 2939 dicerent
735 2902 778 2938 me
791 2883 848 2938 sine
860 2891 950 2938 mente
962 2903 1028 2940 esse.
1041 2895 1145 2954 putare
1158 2885 1341 2940 Maximianus
1354 2887 1420 2940 sub-

406 3061 443 3104 10.
457 3057 534 3104 Edere
546 3059 617 3119 pulsa
632 3057 755 3120 pleraque
768 3055 881 3118 vulgatae.
901 3058 994 3103 reddere
1007 3057 1077 3117 pulsa
1092 3056 1123 3103 R.
1138 3057 1169 3103 G.
1218 3059 1256 3103 ll.
1275 3056 1333 3104 Cum
1348 3056 1422 3102 niueis

371 3123 419 3182 diq.
435 3123 465 3169 G.
482 3123 564 3183 pulsae
579 3130 669 3183 pectore
685 3121 716 3168 L.
766 3125 803 3168 l2.
819 3122 912 3181 Auqutc
931 3122 1047 3183 quidquid
1064 3120 1178 3184 vulgatae.
1196 3121 1322 3182 quidquam
1336 3119 1367 3166 V.
1385 3119 1417 3166 R.

371 3202 510 3248 quamquam
523 3187 552 3233 P.
569 3188 680 3247 quiddam
694 3186 725 3232 G.
754 3184 882 3247 Quicquid
893 3187 982 3232 horum
993 3184 1107 3248 eligatur,
1119 3185 1232 3246 ineptum
1242 3191 1285 3232 est.
1305 3190 1422 3244 praeterea

371 3252 474 3296 verbum
495 3248 577 3296 deesse
595 3249 693 3296 videtur
712 3247 896 3304 constructioni,
916 3248 984 3310 quod
1003 3248 1162 3310 participium
1177 3251 1275 3312 padanus
1294 3255 1418 3312 sequatur.

373 3311 519 3374 Legendum
530 3311 635 3359 arbitror
643 3316 742 3373 pulsans
754 3314 845 3373 pectine
856 3313 952 3359 cbordas
964 3314 1054 3374 Arqutc
1064 3317 1140 3376 quivit
1150 3329 1264 3361 murmure
1274 3313 1338 3359 dulce
1348 3315 1418 3374 loqui.

373 3375 485 3424 Verbum
503 3377 549 3423 hcc
567 3379 641 3438 quirit
662 3375 758 3436 decepit
779 3375 898 3432 librarios,
917 3384 945 3423 ut
964 3379 1079 3439 quidquid
1096 3379 1135 3427 vel
1156 3380 1282 3440 quidquam
1300 3377 1418 3440 legerent.

374 3445 410 3490 13.
423 3441 493 3489 Hauc
503 3457 548 3503 eqo.
582 3441 639 3488 Hoc
651 3448 676 3488 et
687 3455 791 3503 sequens
802 3439 925 3488 distichon
940 3440 967 3488 in
981 3441 1033 3488 cod
1050 3443 1080 3490 R.
1093 3452 1118 3491 et
1131 3444 1160 3491 L.
1173 3451 1198 3491 et
1210 3442 1236 3490 in
1247 3441 1283 3488 ed.
1297 3442 1328 3490 G.
1343 3449 1421 3488 trans-

370 3513 505 3567 ponuntur,
523 3505 558 3554 ita
574 3512 603 3554 ut
620 3505 742 3554 distichon
763 3507 802 3553 Sic
817 3521 851 3552 me
867 3507 965 3554 dicaris
981 3505 1013 3553 sit
1029 3522 1112 3555 versus
1129 3513 1166 3557 13.
1202 3512 1239 3556 15.
1253 3508 1292 3554 De
1306 3509 1421 3568 panibus,

371 3573 425 3619 clim
438 3571 470 3620 G.
513 3575 549 3620 17.
568 3573 695 3619 Maturare
706 3573 788 3618 licebat
801 3571 843 3618 Gr.
860 3571 890 3618 G.
932 3576 968 3619 18.
983 3573 1136 3634 Herebatque
1146 3572 1260 3634 vulgatu.
1297 3573 1423 3619 Harebaut

373 3635 405 3683 V.
425 3636 454 3684 P.
487 3639 656 3700 Harebantque
676 3636 719 3684 Gr.
737 3635 843 3710 optime..
865 3638 982 3683 Horrebat
995 3636 1031 3710 Ι(1.
1046 3637 1157 3697 pessime.
1203 3642 1242 3684 20.
1258 3637 1354 3683 Absenti
1371 3651 1422 3682 voce

371 3703 533 3813 11111*
545 3700 675 3827 hihi.
683 3701 758 3812 ‘idi
760 3700 870 3826 ‘idib'
882 3700 1043 3827 iiiiii?
1055 3703 1227 3828 tltttctt
1237 3717 1295 3812 3⁰³¹
1297 3715 1355 3812 'tt
1365 3702 1423 3826 bt:

372 3832 450 3878 modae
462 3831 494 3878 R.
506 3833 558 3892 ipsa
569 3832 646 3878 modos
657 3829 687 3877 G.
700 3831 741 3876 illa
751 3831 818 3876 melos
830 3830 860 3877 L.
894 3833 933 3878 23.
950 3831 1004 3876 Sine
1015 3837 1087 3877 nante
1094 3833 1196 3891 putabar
1209 3829 1242 3877 R.
1254 3828 1284 3876 G.
1297 3828 1326 3875 B.
1339 3827 1377 3876 Pi.
1390 3828 1422 3876 Ο.

366 3896 462 3956 ferebar
479 3895 509 3943 V.
525 3895 568 3943 Gr.
588 3894 617 3942 P.
664 3893 809 3942 Genuinum
825 3893 923 3941 videtur
935 3899 1046 3957 putabar.
1066 3893 1160 3942 librarii
1172 3896 1268 3956 ferebar
1283 3891 1423 3940 intulerunt

373 3974 403 4005 ex
417 3958 488 4021 Eleg.
503 3958 538 4006 iii.
550 3964 574 4016 5,
586 3958 630 4007 ubi
646 3957 738 4020 pariter
753 3961 842 4006 &mens
858 3965 883 4006 et
893 3961 989 4021 ferebar
1004 3963 1136 4018 conjuncta
1153 3966 1218 4006 sunt.
1264 3962 1302 4005 24.
1317 3959 1424 4006 Fallebar

373 4020 474 4085 quidem
491 4039 575 4072 omnes
591 4023 708 4080 scribunt,
720 4021 762 4071 sed
779 4022 947 4083 reponendum
964 4038 1050 4070 censeo
1059 4025 1173 4084 fallebam
1188 4021 1240 4070 scil.
1253 4037 1301 4078 eos,
1314 4021 1358 4084 qui
1375 4038 1421 4084 pu-

373 4091 461 4143 tarent,
473 4104 513 4135 ms
524 4087 576 4136 sine
586 4094 669 4136 mente
679 4103 737 4136 esse.
755 4104 795 4136 nec
807 4091 862 4135 bene
878 4105 949 4136 sanus
959 4087 1066 4150 vulgata
1082 4088 1206 4151 pleraque
1213 4105 1220 4144 ;
1239 4103 1284 4134 aaa
1300 4089 1353 4134 bene
1369 4103 1419 4134 aaa.

376 4153 419 4200 Gr.
433 4150 463 4199 P.
481 4151 519 4200 Pi.
532 4151 599 4216 quod
611 4159 716 4214 praestat.
