3228 4982
319 436 364 506 38
655 431 860 497 Maximam
878 431 1027 498 Essem.

363 583 488 648 Litibus
502 593 557 647 aut
572 583 687 648 rabidis
702 584 868 649 commoda
882 584 962 648 dura
976 606 1098 670 sequor.

320 686 454 772 Ipsaque
469 708 522 749 mc
537 685 655 771 species
669 686 829 772 quondam
844 685 960 750 dilecta
973 685 1110 772 reliquit,

364 788 408 852 Et
421 787 529 852 videor
543 787 653 851 fonnae
666 797 808 851 mortuus
823 810 890 851 esse
905 809 996 852 meae.

322 889 383 953 Pro
398 889 499 965 niveo,
516 889 671 976 rutiloque
686 889 782 975 prius,
798 912 883 954 nunc
898 889 998 953 inficit
1012 912 1067 953 ora

364 989 480 1067 Pallor,
496 1001 528 1054 et
543 991 708 1074 exsanguis
722 989 933 1078 funereusque
949 990 1042 1055 color.

320 1093 401 1155 Aret
415 1092 498 1156 sicca
512 1093 601 1168 cutis,
617 1092 710 1176 rigidi
725 1102 808 1156 stant
822 1093 962 1179 undique
978 1092 1075 1168 nervi,

365 1195 408 1259 Et
422 1194 561 1259 lacerant
575 1217 666 1259 uncae
681 1195 824 1259 scabrida
837 1195 982 1259 membra
995 1217 1115 1259 manus.

321 1296 490 1371 Quondam
506 1297 643 1360 ridentes
657 1295 749 1372 oculi,
765 1319 850 1361 nunc
865 1297 950 1360 fonte
965 1297 1096 1382 perenni

363 1397 570 1482 Deplangunt
583 1419 691 1483 poenas
706 1409 799 1461 nocte
813 1397 928 1485 dieque
942 1420 1021 1462 suas.

321 1498 364 1564 Et
379 1520 456 1586 quos
470 1509 559 1583 grata
572 1498 658 1584 prius
673 1498 816 1563 ciliorum
827 1510 909 1564 serta
923 1500 1083 1584 tegebant,

364 1602 510 1687 Desuper
523 1600 709 1665 incumbens
723 1599 846 1686 hispida
860 1601 937 1666 silva
951 1601 1077 1686 premit,

322 1705 381 1779 Ac,
397 1701 484 1769 velut
498 1701 610 1766 inclusi
626 1724 711 1766 coeco
727 1701 913 1767 claudantur
927 1702 960 1767 in
975 1713 1075 1780 antro,

365 1805 480 1870 Nescio
495 1805 573 1891 quid
585 1817 710 1869 torvum
725 1827 781 1868 seu
796 1805 906 1870 furiale
922 1805 1039 1870 vident

320 1906 393 1970 Jarn
408 1927 504 1992 pavor
518 1914 566 1968 est
579 1905 691 1970 vidisse
707 1928 825 1983 senem,
842 1929 901 1970 nec
917 1908 1043 1971 credere
1058 1905 1157 1993 possis

365 2006 463 2071 Hunc
477 2005 648 2084 hominem,
664 2006 804 2072 humana
818 2008 873 2095 qui
888 2009 1010 2073 ratione
1024 2018 1120 2073 caret.

323 2107 357 2171 Si
372 2109 467 2173 libros
481 2119 599 2195 repeto,
614 2110 732 2196 duplex
746 2132 779 2174 se
793 2109 898 2174 littera
912 2109 1014 2186 findit,

364 2211 496 2296 Largior
511 2211 645 2276 occurrit
659 2211 774 2297 pagina
788 2223 863 2276 nota
877 2210 965 2276 mihi.

320 2311 448 2377 Claram
463 2334 521 2397 per
533 2311 664 2376 nebulas
679 2312 787 2376 videor
800 2313 879 2376 mihi
894 2335 1022 2376 cernere
1037 2312 1151 2388 lucem,

365 2412 485 2477 Nubila
499 2423 571 2477 sunt
586 2412 682 2476 oculis
697 2412 764 2498 ipsa
778 2435 889 2476 serena
902 2413 990 2477 meis.

321 2514 463 2601 Eripitur
476 2514 542 2579 sine
558 2523 650 2578 nocte
665 2514 748 2577 dies:
773 2513 905 2599 caligine
922 2537 1007 2579 caeca

367 2618 499 2703 Septum
514 2625 648 2680 tartareo
663 2616 732 2703 quis
747 2628 843 2701 neget
857 2640 924 2682 esse
939 2615 1034 2682 loco?

320 2719 414 2784 Talia
427 2718 497 2804 quis
512 2718 642 2781 demens
657 2717 776 2781 homini
790 2718 978 2803 persuaserit
993 2729 1110 2794 auctor,

365 2820 412 2884 Ut
427 2819 533 2905 cupiat
547 2829 619 2882 voto
634 2818 753 2905 turpior
768 2840 834 2882 esse
849 2817 929 2882 suo?

319 2925 393 2989 Jam
407 2923 545 2989 subeunt
558 2922 671 3000 morbi,
687 2923 824 2986 subeunt
838 2921 1020 2987 discrimina
1033 2921 1140 2986 mille:

363 3027 436 3091 Jam
451 3025 559 3089 dulces
573 3024 688 3110 epulae,
705 3024 892 3112 deliciaeque
906 3035 1030 3090 nocent.

321 3127 474 3211 Cogimur
487 3150 507 3190 a
520 3127 615 3210 gratis
631 3127 772 3190 animum
788 3128 978 3212 suspendere
994 3129 1099 3202 rebus,

247 3213 250 3243 ᾖ
364 3228 472 3312 Atque
487 3237 523 3289 ut
538 3226 688 3302 vivamus,
704 3227 809 3291 vivere
824 3226 1004 3290 desinimus

321 3327 365 3394 Et
374 3329 443 3413 jam
457 3349 520 3403 me,
536 3326 658 3390 dudum
673 3326 724 3389 cui
739 3324 827 3390 nulla
841 3325 971 3390 adversa
985 3326 1151 3404 nocebant,

364 3429 445 3515 Ipsa,
462 3427 576 3515 quibus
591 3426 738 3512 regimur,
754 3449 839 3491 nunc
854 3426 1004 3491 alimenta
1017 3438 1157 3512 gravant

321 3531 399 3595 Esse
410 3529 489 3595 libet
503 3541 662 3596 saturum:
686 3541 826 3595 saturum
841 3553 916 3594 mox
930 3553 996 3595 esse
1011 3529 1149 3617 pigebit:

366 3633 500 3698 Praestat
515 3642 551 3696 ut
565 3632 750 3709 abstineam,
766 3643 814 3696 ast
828 3632 1013 3696 abstinuisse
1028 3643 1130 3696 nocet.

321 3736 405 3811 Quae
420 3735 514 3799 modo
528 3735 696 3820 profuerat,
713 3734 867 3798 contraria
881 3732 1023 3798 redditur
1037 3755 1124 3797 esca:

365 3837 518 3902 Fastidita
526 3838 622 3921 jacet,
638 3859 710 3924 quae
725 3836 819 3899 modo
834 3835 934 3900 dulcis
949 3847 1024 3900 erat.

321 3939 395 4006 Non
411 3938 555 4014 Veneris,
572 3961 635 4003 non
650 3949 740 4022 grata
753 3938 831 4002 mihi
847 3949 920 4002 sunt
931 3925 1067 4003 munera
1083 3937 1211 4014 Bacchi,

364 4040 433 4104 Nec
448 4039 600 4126 quicquid
614 4040 689 4105 vitae
705 4039 812 4105 fallere
828 4041 945 4105 damna
959 4040 1046 4104 solet.
