<?xml version="1.0" encoding="UTF-8"?>
<!DOCTYPE html PUBLIC "-//W3C//DTD XHTML 1.0 Transitional//EN"
    "http://www.w3.org/TR/xhtml1/DTD/xhtml1-transitional.dtd">
<html xmlns="http://www.w3.org/1999/xhtml" xml:lang="en" lang="en">
 <head>
  <title>
</title>
<meta http-equiv="Content-Type" content="text/html;charset=utf-8" />
  <meta name='ocr-system' content='tesseract 3.04.00' />
  <meta name='ocr-capabilities' content='ocr_page ocr_carea ocr_par ocr_line ocrx_word'/>
</head>
<body>
  <div class='ocr_page' id='page_1' title='image "./elegiaesexexrec00gilegoog_0043.png"; bbox 0 0 3228 4982; ppageno 0'>
   <div class='ocr_carea' id='block_1_1' title="bbox 358 407 1097 474">
    <p class='ocr_par' dir='ltr' id='par_1_1' title="bbox 358 407 1097 474">
     <span class='ocr_line' id='line_1_1' title="bbox 358 407 1097 474; baseline -0.011 0"><span class='ocrx_word' id='word_1_1' title='bbox 358 417 400 474; x_wconf 70' lang='lat'><em>3⁶2</em></span> <span class='ocrx_word' id='word_1_2' title='bbox 669 410 889 472; x_wconf 79' lang='lat' dir='ltr'><em>&#39;I&#39;nsrrnronm</em></span> <span class='ocrx_word' id='word_1_3' title='bbox 904 425 946 469; x_wconf 82' lang='lat' dir='ltr'><em>nr</em></span> <span class='ocrx_word' id='word_1_4' title='bbox 961 407 980 470; x_wconf 89' lang='lat' dir='ltr'>J</span> <span class='ocrx_word' id='word_1_5' title='bbox 984 420 1097 470; x_wconf 79' lang='lat' dir='ltr'><em>uurcm</em></span> 
     </span>
    </p>
   </div>
   <div class='ocr_carea' id='block_1_2' title="bbox 358 567 1405 727">
    <p class='ocr_par' dir='ltr' id='par_1_2' title="bbox 358 567 1405 727">
     <span class='ocr_line' id='line_1_2' title="bbox 358 567 1405 663; baseline -0.006 -22"><span class='ocrx_word' id='word_1_6' title='bbox 358 579 515 663; x_wconf 83' lang='lat' dir='ltr'><em>quendam</em></span> <span class='ocrx_word' id='word_1_7' title='bbox 542 575 783 640; x_wconf 77' lang='lat' dir='ltr'><strong><em>Maximianum</em></strong></span> <span class='ocrx_word' id='word_1_8' title='bbox 804 574 1017 650; x_wconf 78' lang='lat' dir='ltr'><em>contraxisse,</em></span> <span class='ocrx_word' id='word_1_9' title='bbox 1041 593 1137 636; x_wconf 90' lang='lat' dir='ltr'><em>unam</em></span> <span class='ocrx_word' id='word_1_10' title='bbox 1163 579 1250 636; x_wconf 87' lang='lat' dir='ltr'><em>certe</em></span> <span class='ocrx_word' id='word_1_11' title='bbox 1277 568 1331 637; x_wconf 86' lang='lat' dir='ltr'><em>ccl</em></span> <span class='ocrx_word' id='word_1_12' title='bbox 1355 567 1405 636; x_wconf 75' lang='lat' dir='ltr'><em>al·</em></span> 
     </span>
     <span class='ocr_line' id='line_1_3' title="bbox 359 675 472 727; baseline -0.018 -1"><span class='ocrx_word' id='word_1_13' title='bbox 359 675 472 727; x_wconf 90' lang='lat' dir='ltr'><em>teram.</em></span> 
     </span>
    </p>
   </div>
   <div class='ocr_carea' id='block_1_3' title="bbox 357 742 1494 3533">
    <p class='ocr_par' dir='ltr' id='par_1_3' title="bbox 405 742 1215 826">
     <span class='ocr_line' id='line_1_4' title="bbox 405 742 1215 826; baseline -0.006 -18"><span class='ocrx_word' id='word_1_14' title='bbox 405 745 517 808; x_wconf 87' lang='lat' dir='ltr'><strong>XVII.</strong></span> <span class='ocrx_word' id='word_1_15' title='bbox 542 744 666 807; x_wconf 86' lang='lat' dir='ltr'><strong>IDEM</strong></span> <span class='ocrx_word' id='word_1_16' title='bbox 680 744 713 806; x_wconf 92' lang='lat' dir='ltr'><em>in</em></span> <span class='ocrx_word' id='word_1_17' title='bbox 730 743 804 805; x_wconf 88' lang='lat' dir='ltr'><em>Not.</em></span> <span class='ocrx_word' id='word_1_18' title='bbox 820 742 861 804; x_wconf 86' lang='lat' dir='ltr'><em>ad</em></span> <span class='ocrx_word' id='word_1_19' title='bbox 877 743 966 804; x_wconf 87' lang='lat' dir='ltr'><em>Grat.</em></span> <span class='ocrx_word' id='word_1_20' title='bbox 984 742 1102 826; x_wconf 86' lang='lat' dir='ltr'><em>Cyneg.</em></span> <span class='ocrx_word' id='word_1_21' title='bbox 1119 761 1148 803; x_wconf 88' lang='lat' dir='ltr'><em>v.</em></span> <span class='ocrx_word' id='word_1_22' title='bbox 1163 746 1215 804; x_wconf 88' lang='lat'><em>30.</em></span> 
     </span>
    </p>

    <p class='ocr_par' dir='ltr' id='par_1_4' title="bbox 357 827 1405 1244">
     <span class='ocr_line' id='line_1_5' title="bbox 401 827 1405 916; baseline -0.007 -21"><span class='ocrx_word' id='word_1_23' title='bbox 401 834 443 895; x_wconf 88' lang='lat' dir='ltr'><em>In</em></span> <span class='ocrx_word' id='word_1_24' title='bbox 461 833 605 916; x_wconf 70' lang='lat' dir='ltr'><em>Elegit-s,</em></span> <span class='ocrx_word' id='word_1_25' title='bbox 619 852 687 915; x_wconf 80' lang='lat' dir='ltr'><em>quc</em></span> <span class='ocrx_word' id='word_1_26' title='bbox 702 829 905 893; x_wconf 77' lang='lat' dir='ltr'><em>Maximiani</em></span> <span class='ocrx_word' id='word_1_27' title='bbox 919 829 1044 890; x_wconf 86' lang='lat' dir='ltr'><em>nornine</em></span> <span class='ocrx_word' id='word_1_28' title='bbox 1062 828 1292 902; x_wconf 90' lang='lat' dir='ltr'><em>inscribuntur,</em></span> <span class='ocrx_word' id='word_1_29' title='bbox 1312 827 1405 911; x_wconf 83' lang='lat' dir='ltr'><em>(Ego</em></span> 
     </span>
     <span class='ocr_line' id='line_1_6' title="bbox 359 912 1404 1000; baseline -0.008 -20"><span class='ocrx_word' id='word_1_30' title='bbox 359 939 432 981; x_wconf 81' lang='lat' dir='ltr'><em>roro</em></span> <span class='ocrx_word' id='word_1_31' title='bbox 448 918 666 1000; x_wconf 79' lang='lat' dir='ltr'><em>interpolatas</em></span> <span class='ocrx_word' id='word_1_32' title='bbox 675 915 866 999; x_wconf 81' lang='lat' dir='ltr'><em>plerasque,</em></span> <span class='ocrx_word' id='word_1_33' title='bbox 883 914 962 976; x_wconf 90' lang='lat' dir='ltr'><em>etin</em></span> <span class='ocrx_word' id='word_1_34' title='bbox 977 913 1165 996; x_wconf 77' lang='lat' dir='ltr'><em>Epitomam</em></span> <span class='ocrx_word' id='word_1_35' title='bbox 1183 914 1251 975; x_wconf 88' lang='lat' dir='ltr'><em>sine</em></span> <span class='ocrx_word' id='word_1_36' title='bbox 1267 935 1309 975; x_wconf 92' lang='lat' dir='ltr'><em>ex</em></span> <span class='ocrx_word' id='word_1_37' title='bbox 1329 912 1404 974; x_wconf 83' lang='lat' dir='ltr'><em>Cor.</em></span> 
     </span>
     <span class='ocr_line' id='line_1_7' title="bbox 362 998 1405 1142; baseline -0.005 -78"><span class='ocrx_word' id='word_1_38' title='bbox 362 1002 474 1076; x_wconf 84' lang='lat' dir='ltr'><em>Gallo,</em></span> <span class='ocrx_word' id='word_1_39' title='bbox 487 1002 555 1064; x_wconf 86' lang='lat' dir='ltr'><em>siue</em></span> <span class='ocrx_word' id='word_1_40' title='bbox 569 1023 611 1063; x_wconf 89' lang='lat' dir='ltr'><em>ex</em></span> <span class='ocrx_word' id='word_1_41' title='bbox 627 1000 872 1082; x_wconf 84' lang='lat' dir='ltr'><em>alioselicioris</em></span> <span class='ocrx_word' id='word_1_42' title='bbox 884 998 991 1060; x_wconf 80' lang='lat' dir='ltr'><em>saculi</em></span> <span class='ocrx_word' id='word_1_43' title='bbox 1011 998 1127 1072; x_wconf 86' lang='lat' dir='ltr'><em>Poeta,</em></span> <span class='ocrx_word' id='word_1_44' title='bbox 1143 1019 1210 1142; x_wconf 53' lang='lat' dir='ltr'><em>giro</em></span> <span class='ocrx_word' id='word_1_45' title='bbox 1232 1004 1327 1080; x_wconf 83' lang='lat' dir='ltr'><em>coptu</em></span> <span class='ocrx_word' id='word_1_46' title='bbox 1347 998 1405 1060; x_wconf 81' lang='lat' dir='ltr'><em>eui</em></span> 
     </span>
     <span class='ocr_line' id='line_1_8' title="bbox 357 1078 1405 1170; baseline -0.007 -21"><span class='ocrx_word' id='word_1_47' title='bbox 357 1087 530 1170; x_wconf 84' lang='lat' dir='ltr'><em>sequioris,</em></span> <span class='ocrx_word' id='word_1_48' title='bbox 543 1085 711 1166; x_wconf 81' lang='lat' dir='ltr'><em>arbitror.)</em></span> <span class='ocrx_word' id='word_1_49' title='bbox 750 1081 838 1145; x_wconf 85' lang='lat' dir='ltr'><em>Sicut</em></span> <span class='ocrx_word' id='word_1_50' title='bbox 853 1081 885 1144; x_wconf 88' lang='lat' dir='ltr'><em>in</em></span> <span class='ocrx_word' id='word_1_51' title='bbox 900 1080 1065 1144; x_wconf 80' lang='lat' dir='ltr'><em>auricomis</em></span> <span class='ocrx_word' id='word_1_52' title='bbox 1079 1103 1141 1164; x_wconf 89' lang='lat' dir='ltr'><em>pen</em></span> <span class='ocrx_word' id='word_1_53' title='bbox 1165 1080 1250 1143; x_wconf 81' lang='lat' dir='ltr'><em>entia</em></span> <span class='ocrx_word' id='word_1_54' title='bbox 1262 1078 1405 1165; x_wconf 89' lang='lat' dir='ltr'><em>pluribus</em></span> 
     </span>
     <span class='ocr_line' id='line_1_9' title="bbox 359 1170 541 1244; baseline -0.005 -12"><span class='ocrx_word' id='word_1_55' title='bbox 359 1170 464 1244; x_wconf 73' lang='lat' dir='ltr'><em>hortiS,</em></span> <span class='ocrx_word' id='word_1_56' title='bbox 482 1179 541 1232; x_wconf 85' lang='lat' dir='ltr'><em>etc.</em></span> 
     </span>
    </p>

    <p class='ocr_par' dir='ltr' id='par_1_5' title="bbox 403 1250 1090 1326">
     <span class='ocr_line' id='line_1_10' title="bbox 403 1250 1090 1326; baseline -0.009 -9"><span class='ocrx_word' id='word_1_57' title='bbox 403 1254 535 1317; x_wconf 92' lang='lat' dir='ltr'><strong>XVIII.</strong></span> <span class='ocrx_word' id='word_1_58' title='bbox 561 1252 684 1315; x_wconf 87' lang='lat' dir='ltr'><strong>IDEM</strong></span> <span class='ocrx_word' id='word_1_59' title='bbox 699 1252 740 1315; x_wconf 92' lang='lat' dir='ltr'><em>ad</em></span> <span class='ocrx_word' id='word_1_60' title='bbox 758 1252 835 1314; x_wconf 83' lang='lat' dir='ltr'><em>Stat.</em></span> <span class='ocrx_word' id='word_1_61' title='bbox 855 1250 930 1314; x_wconf 87' lang='lat' dir='ltr'><em>Silv.</em></span> <span class='ocrx_word' id='word_1_62' title='bbox 946 1251 966 1313; x_wconf 90' lang='lat' dir='ltr'><em>i.</em></span> <span class='ocrx_word' id='word_1_63' title='bbox 982 1255 1013 1326; x_wconf 72' lang='lat'><em>2,</em></span> <span class='ocrx_word' id='word_1_64' title='bbox 1029 1256 1090 1315; x_wconf 81' lang='lat'><em>34:</em></span> 
     </span>
    </p>

    <p class='ocr_par' dir='ltr' id='par_1_6' title="bbox 359 1338 1429 1589">
     <span class='ocr_line' id='line_1_11' title="bbox 402 1338 1404 1422; baseline -0.003 -19"><span class='ocrx_word' id='word_1_65' title='bbox 402 1340 603 1404; x_wconf 74' lang='lat' dir='ltr'><em>Maximiani</em></span> <span class='ocrx_word' id='word_1_66' title='bbox 623 1339 761 1422; x_wconf 76' lang='lat' dir='ltr'><em>Elegia,</em></span> <span class='ocrx_word' id='word_1_67' title='bbox 776 1338 833 1401; x_wconf 80' lang='lat' dir='ltr'><em>noi</em></span> <span class='ocrx_word' id='word_1_68' title='bbox 848 1359 909 1399; x_wconf 87' lang='lat' dir='ltr'><em>non</em></span> <span class='ocrx_word' id='word_1_69' title='bbox 923 1338 1047 1422; x_wconf 79' lang='lat' dir='ltr'><em>optimi,</em></span> <span class='ocrx_word' id='word_1_70' title='bbox 1064 1358 1122 1400; x_wconf 89' lang='lat' dir='ltr'><em>nec</em></span> <span class='ocrx_word' id='word_1_71' title='bbox 1142 1344 1248 1400; x_wconf 87' lang='lat' dir='ltr'><em>tamen</em></span> <span class='ocrx_word' id='word_1_72' title='bbox 1267 1347 1404 1402; x_wconf 90' lang='lat' dir='ltr'><em>contem·</em></span> 
     </span>
     <span class='ocr_line' id='line_1_12' title="bbox 359 1426 1429 1488; baseline -0.004 0"><span class='ocrx_word' id='word_1_73' title='bbox 359 1426 476 1488; x_wconf 83' lang='lat' dir='ltr'><em>ncndae.</em></span> <span class='ocrx_word' id='word_1_74' title='bbox 1426 1427 1429 1432; x_wconf 87' lang='lat'>&#39;</span> 
     </span>
     <span class='ocr_line' id='line_1_13' title="bbox 404 1504 1404 1589; baseline -0.002 -19"><span class='ocrx_word' id='word_1_75' title='bbox 404 1505 504 1570; x_wconf 89' lang='lat' dir='ltr'><strong>XIX.</strong></span> <span class='ocrx_word' id='word_1_76' title='bbox 529 1505 635 1569; x_wconf 80' lang='lat' dir='ltr'><strong>GER.</strong></span> <span class='ocrx_word' id='word_1_77' title='bbox 652 1505 714 1569; x_wconf 89' lang='lat' dir='ltr'><em>JO.</em></span> <span class='ocrx_word' id='word_1_78' title='bbox 731 1504 927 1569; x_wconf 89' lang='lat' dir='ltr'><em>VOSSIUS</em></span> <span class='ocrx_word' id='word_1_79' title='bbox 945 1504 985 1567; x_wconf 89' lang='lat' dir='ltr'><em>de</em></span> <span class='ocrx_word' id='word_1_80' title='bbox 1006 1504 1111 1568; x_wconf 85' lang='lat' dir='ltr'><em>Poetis</em></span> <span class='ocrx_word' id='word_1_81' title='bbox 1134 1504 1265 1581; x_wconf 89' lang='lat' dir='ltr'><em>Latinis,</em></span> <span class='ocrx_word' id='word_1_82' title='bbox 1285 1527 1352 1589; x_wconf 87' lang='lat' dir='ltr'><em>cap.</em></span> <span class='ocrx_word' id='word_1_83' title='bbox 1373 1506 1404 1568; x_wconf 89' lang='lat' dir='ltr'><em>ii.</em></span> 
     </span>
    </p>

    <p class='ocr_par' dir='ltr' id='par_1_7' title="bbox 358 1617 1409 2608">
     <span class='ocr_line' id='line_1_14' title="bbox 359 1617 1407 1762; baseline -0.002 -20"><span class='ocrx_word' id='word_1_84' title='bbox 359 1617 380 1679; x_wconf 72' lang='lat' dir='ltr'>p</span> <span class='ocrx_word' id='word_1_85' title='bbox 406 1679 576 1742; x_wconf 84' lang='lat' dir='ltr'><em>Cornelius</em></span> <span class='ocrx_word' id='word_1_86' title='bbox 595 1678 714 1742; x_wconf 88' lang='lat' dir='ltr'><em>Gallus</em></span> <span class='ocrx_word' id='word_1_87' title='bbox 729 1677 993 1742; x_wconf 64' lang='lat' dir='ltr'><em>Foro-‹luliensis</em></span> <span class='ocrx_word' id='word_1_88' title='bbox 1012 1677 1128 1754; x_wconf 87' lang='lat' dir='ltr'><em>Poeta,</em></span> <span class='ocrx_word' id='word_1_89' title='bbox 1148 1701 1169 1740; x_wconf 90' lang='lat' dir='ltr'><em>a</em></span> <span class='ocrx_word' id='word_1_90' title='bbox 1187 1699 1251 1760; x_wconf 87' lang='lat' dir='ltr'><em>quo</em></span> <span class='ocrx_word' id='word_1_91' title='bbox 1263 1677 1407 1762; x_wconf 75' lang='lat' dir='ltr'><em>primum</em></span> 
     </span>
     <span class='ocr_line' id='line_1_15' title="bbox 359 1761 1409 1850; baseline -0.002 -23"><span class='ocrx_word' id='word_1_92' title='bbox 359 1766 549 1850; x_wconf 75' lang='lat' dir='ltr'><em>AEgyptum</em></span> <span class='ocrx_word' id='word_1_93' title='bbox 575 1772 697 1827; x_wconf 87' lang='lat' dir='ltr'><em>rectam</em></span> <span class='ocrx_word' id='word_1_94' title='bbox 722 1785 824 1847; x_wconf 82' lang='lat' dir='ltr'><em>snpra</em></span> <span class='ocrx_word' id='word_1_95' title='bbox 852 1763 1004 1839; x_wconf 77' lang='lat' dir='ltr'><em>diximus,</em></span> <span class='ocrx_word' id='word_1_96' title='bbox 1027 1762 1280 1847; x_wconf 78' lang='lat' dir='ltr'><em>quadragesimo</em></span> <span class='ocrx_word' id='word_1_97' title='bbox 1301 1761 1409 1825; x_wconf 78' lang='lat' dir='ltr'><em>atatis</em></span> 
     </span>
     <span class='ocr_line' id='line_1_16' title="bbox 358 1845 1408 1932; baseline -0.003 -21"><span class='ocrx_word' id='word_1_98' title='bbox 358 1871 422 1912; x_wconf 72' lang='lat' dir='ltr'><em>sure</em></span> <span class='ocrx_word' id='word_1_99' title='bbox 446 1871 530 1911; x_wconf 93' lang='lat' dir='ltr'><em>anno</em></span> <span class='ocrx_word' id='word_1_100' title='bbox 546 1849 689 1932; x_wconf 81' lang='lat' dir='ltr'><em>propria</em></span> <span class='ocrx_word' id='word_1_101' title='bbox 712 1870 747 1910; x_wconf 89' lang='lat' dir='ltr'><em>se</em></span> <span class='ocrx_word' id='word_1_102' title='bbox 769 1871 864 1910; x_wconf 90' lang='lat' dir='ltr'><em>mana</em></span> <span class='ocrx_word' id='word_1_103' title='bbox 887 1849 1060 1930; x_wconf 81' lang='lat' dir='ltr'><em>interfecit.</em></span> <span class='ocrx_word' id='word_1_104' title='bbox 1108 1846 1266 1928; x_wconf 82' lang='lat' dir='ltr'><strong>(Donatus</strong></span> <span class='ocrx_word' id='word_1_105' title='bbox 1288 1845 1320 1908; x_wconf 92' lang='lat' dir='ltr'><em>in</em></span> <span class='ocrx_word' id='word_1_106' title='bbox 1343 1846 1408 1909; x_wconf 87' lang='lat' dir='ltr'><em>vita</em></span> 
     </span>
     <span class='ocr_line' id='line_1_17' title="bbox 361 1931 1406 2015; baseline 0.002 -21"><span class='ocrx_word' id='word_1_107' title='bbox 361 1931 507 2015; x_wconf 84' lang='lat' dir='ltr'><em>Virgilii.)</em></span> <span class='ocrx_word' id='word_1_108' title='bbox 552 1931 599 1995; x_wconf 85' lang='lat' dir='ltr'><em>At</em></span> <span class='ocrx_word' id='word_1_109' title='bbox 621 1933 824 1995; x_wconf 90' lang='lat' dir='ltr'><em>Maximiani</em></span> <span class='ocrx_word' id='word_1_110' title='bbox 845 1942 930 2008; x_wconf 89' lang='lat' dir='ltr'><em>sunt,</em></span> <span class='ocrx_word' id='word_1_111' title='bbox 954 1954 1022 2015; x_wconf 80' lang='lat' dir='ltr'><em>qum</em></span> <span class='ocrx_word' id='word_1_112' title='bbox 1047 1932 1198 1996; x_wconf 84' lang='lat' dir='ltr'><em>Cornelio</em></span> <span class='ocrx_word' id='word_1_113' title='bbox 1224 1933 1325 1995; x_wconf 89' lang='lat' dir='ltr'><em>Gallo</em></span> <span class='ocrx_word' id='word_1_114' title='bbox 1348 1935 1406 1996; x_wconf 91' lang='lat' dir='ltr'><em>tri-</em></span> 
     </span>
     <span class='ocr_line' id='line_1_18' title="bbox 361 2016 1405 2102; baseline -0.004 -20"><span class='ocrx_word' id='word_1_115' title='bbox 361 2021 499 2082; x_wconf 89' lang='lat' dir='ltr'><em>buuntur</em></span> <span class='ocrx_word' id='word_1_116' title='bbox 510 2019 604 2102; x_wconf 73' lang='lat' dir='ltr'><em>oulyo</em></span> <span class='ocrx_word' id='word_1_117' title='bbox 615 2043 626 2079; x_wconf 93' lang='lat'><em>.·</em></span> <span class='ocrx_word' id='word_1_118' title='bbox 642 2016 739 2079; x_wconf 87' lang='lat' dir='ltr'><em>etiam</em></span> <span class='ocrx_word' id='word_1_119' title='bbox 754 2040 775 2079; x_wconf 92' lang='lat' dir='ltr'><em>a</em></span> <span class='ocrx_word' id='word_1_120' title='bbox 787 2017 887 2079; x_wconf 89' lang='lat' dir='ltr'><em>Petro</em></span> <span class='ocrx_word' id='word_1_121' title='bbox 908 2017 1033 2080; x_wconf 87' lang='lat' dir='ltr'><em>Crinito</em></span> <span class='ocrx_word' id='word_1_122' title='bbox 1046 2018 1100 2079; x_wconf 89' lang='lat' dir='ltr'><em>lib.</em></span> <span class='ocrx_word' id='word_1_123' title='bbox 1116 2019 1156 2080; x_wconf 86' lang='lat' dir='ltr'><em>de</em></span> <span class='ocrx_word' id='word_1_124' title='bbox 1169 2017 1309 2093; x_wconf 81' lang='lat' dir='ltr'><em>Poetis²,</em></span> <span class='ocrx_word' id='word_1_125' title='bbox 1323 2017 1405 2080; x_wconf 83' lang='lat' dir='ltr'><em>Rob.</em></span> 
     </span>
     <span class='ocr_line' id='line_1_19' title="bbox 366 2102 1407 2185; baseline -0.003 -18"><span class='ocrx_word' id='word_1_126' title='bbox 366 2105 454 2167; x_wconf 87' lang='lat' dir='ltr'><em>Titio</em></span> <span class='ocrx_word' id='word_1_127' title='bbox 477 2104 533 2166; x_wconf 90' lang='lat' dir='ltr'><em>lib.</em></span> <span class='ocrx_word' id='word_1_128' title='bbox 557 2103 579 2165; x_wconf 86' lang='lat' dir='ltr'><em>i.</em></span> <span class='ocrx_word' id='word_1_129' title='bbox 603 2103 744 2164; x_wconf 91' lang='lat' dir='ltr'><em>locorum</em></span> <span class='ocrx_word' id='word_1_130' title='bbox 767 2111 1041 2164; x_wconf 87' lang='lat' dir='ltr'><em>controuersorum</em></span> <span class='ocrx_word' id='word_1_131' title='bbox 1063 2123 1135 2185; x_wconf 81' lang='lat' dir='ltr'><em>cap.</em></span> <span class='ocrx_word' id='word_1_132' title='bbox 1155 2125 1208 2166; x_wconf 89' lang='lat' dir='ltr'><em>xo.</em></span> <span class='ocrx_word' id='word_1_133' title='bbox 1233 2112 1265 2165; x_wconf 90' lang='lat' dir='ltr'><em>et</em></span> <span class='ocrx_word' id='word_1_134' title='bbox 1288 2102 1407 2165; x_wconf 83' lang='lat' dir='ltr'><em>Sebas-</em></span> 
     </span>
     <span class='ocr_line' id='line_1_20' title="bbox 361 2187 1407 2270; baseline -0.001 -19"><span class='ocrx_word' id='word_1_135' title='bbox 361 2190 450 2251; x_wconf 82' lang='lat' dir='ltr'><em>tiano</em></span> <span class='ocrx_word' id='word_1_136' title='bbox 467 2189 586 2264; x_wconf 85' lang='lat' dir='ltr'><em>Foxio,</em></span> <span class='ocrx_word' id='word_1_137' title='bbox 603 2188 659 2250; x_wconf 87' lang='lat' dir='ltr'><em>lib.</em></span> <span class='ocrx_word' id='word_1_138' title='bbox 682 2188 718 2249; x_wconf 90' lang='lat' dir='ltr'><em>ii.</em></span> <span class='ocrx_word' id='word_1_139' title='bbox 743 2188 783 2250; x_wconf 87' lang='lat' dir='ltr'><em>de</em></span> <span class='ocrx_word' id='word_1_140' title='bbox 805 2187 993 2249; x_wconf 85' lang='lat' dir='ltr'><em>Imitatione</em></span> <span class='ocrx_word' id='word_1_141' title='bbox 1015 2187 1083 2250; x_wconf 88' lang='lat' dir='ltr'><em>siue</em></span> <span class='ocrx_word' id='word_1_142' title='bbox 1105 2187 1232 2250; x_wconf 90' lang='lat' dir='ltr'><em>ratione</em></span> <span class='ocrx_word' id='word_1_143' title='bbox 1253 2187 1333 2263; x_wconf 88' lang='lat' dir='ltr'><em>stili,</em></span> <span class='ocrx_word' id='word_1_144' title='bbox 1350 2188 1407 2270; x_wconf 83' lang='lat' dir='ltr'><em>qui</em></span> 
     </span>
     <span class='ocr_line' id='line_1_21' title="bbox 359 2271 1407 2354; baseline 0.001 -20"><span class='ocrx_word' id='word_1_145' title='bbox 359 2295 429 2335; x_wconf 89' lang='lat' dir='ltr'><em>cum</em></span> <span class='ocrx_word' id='word_1_146' title='bbox 450 2272 579 2333; x_wconf 79' lang='lat' dir='ltr'><em>Tibullo</em></span> <span class='ocrx_word' id='word_1_147' title='bbox 595 2280 627 2333; x_wconf 89' lang='lat' dir='ltr'><em>ct</em></span> <span class='ocrx_word' id='word_1_148' title='bbox 644 2271 822 2354; x_wconf 81' lang='lat' dir='ltr'><em>Propertio</em></span> <span class='ocrx_word' id='word_1_149' title='bbox 845 2293 907 2332; x_wconf 92' lang='lat' dir='ltr'><em>non</em></span> <span class='ocrx_word' id='word_1_150' title='bbox 930 2272 1117 2350; x_wconf 86' lang='lat' dir='ltr'><em>inferiorem</em></span> <span class='ocrx_word' id='word_1_151' title='bbox 1139 2272 1188 2333; x_wconf 90' lang='lat' dir='ltr'><em>ait</em></span> <span class='ocrx_word' id='word_1_152' title='bbox 1210 2274 1244 2334; x_wconf 93' lang='lat' dir='ltr'><em>in</em></span> <span class='ocrx_word' id='word_1_153' title='bbox 1265 2275 1407 2335; x_wconf 81' lang='lat' dir='ltr'><em>carmine</em></span> 
     </span>
     <span class='ocr_line' id='line_1_22' title="bbox 359 2353 1407 2439; baseline -0.002 -19"><span class='ocrx_word' id='word_1_154' title='bbox 359 2357 517 2439; x_wconf 83' lang='lat' dir='ltr'><em>elegiaco.</em></span> <span class='ocrx_word' id='word_1_155' title='bbox 578 2353 708 2423; x_wconf 84' lang='lat' dir='ltr'><em>Quanto</em></span> <span class='ocrx_word' id='word_1_156' title='bbox 738 2355 859 2416; x_wconf 88' lang='lat' dir='ltr'><em>rectius</em></span> <span class='ocrx_word' id='word_1_157' title='bbox 889 2354 1131 2416; x_wconf 85' lang='lat' dir='ltr'><em>Maximianum</em></span> <span class='ocrx_word' id='word_1_158' title='bbox 1157 2356 1241 2418; x_wconf 86' lang='lat' dir='ltr'><em>bunc</em></span> <span class='ocrx_word' id='word_1_159' title='bbox 1270 2357 1407 2420; x_wconf 89' lang='lat' dir='ltr'><em>Poctom</em></span> 
     </span>
     <span class='ocr_line' id='line_1_23' title="bbox 361 2437 1408 2524; baseline 0.001 -21"><span class='ocrx_word' id='word_1_160' title='bbox 361 2440 533 2504; x_wconf 88' lang='lat' dir='ltr'><em>barbarum</em></span> <span class='ocrx_word' id='word_1_161' title='bbox 550 2447 645 2503; x_wconf 87' lang='lat' dir='ltr'><em>uocat</em></span> <span class='ocrx_word' id='word_1_162' title='bbox 668 2438 737 2501; x_wconf 94' lang='lat' dir='ltr'><em>Yuo</em></span> <span class='ocrx_word' id='word_1_163' title='bbox 759 2437 966 2500; x_wconf 87' lang='lat' dir='ltr'><em>Villiomarus</em></span> <span class='ocrx_word' id='word_1_164' title='bbox 986 2439 1141 2502; x_wconf 89' lang='lat' dir='ltr'><em>aduersus</em></span> <span class='ocrx_word' id='word_1_165' title='bbox 1168 2439 1299 2516; x_wconf 91' lang='lat' dir='ltr'><em>Titium,</em></span> <span class='ocrx_word' id='word_1_166' title='bbox 1315 2463 1408 2524; x_wconf 85' lang='lat' dir='ltr'><em>quem</em></span> 
     </span>
     <span class='ocr_line' id='line_1_24' title="bbox 360 2523 1407 2608; baseline 0.002 -20"><span class='ocrx_word' id='word_1_167' title='bbox 360 2527 444 2589; x_wconf 84' lang='lat' dir='ltr'><em>dixi.</em></span> <span class='ocrx_word' id='word_1_168' title='bbox 489 2527 538 2589; x_wconf 88' lang='lat' dir='ltr'><em>Et</em></span> <span class='ocrx_word' id='word_1_169' title='bbox 559 2546 637 2587; x_wconf 89' lang='lat' dir='ltr'><em>sane</em></span> <span class='ocrx_word' id='word_1_170' title='bbox 659 2523 692 2585; x_wconf 90' lang='lat' dir='ltr'><em>in</em></span> <span class='ocrx_word' id='word_1_171' title='bbox 716 2523 831 2608; x_wconf 81' lang='lat' dir='ltr'><em>Mspto</em></span> <span class='ocrx_word' id='word_1_172' title='bbox 853 2532 962 2586; x_wconf 89' lang='lat' dir='ltr'><em>nostro</em></span> <span class='ocrx_word' id='word_1_173' title='bbox 988 2545 1050 2586; x_wconf 94' lang='lat' dir='ltr'><em>non</em></span> <span class='ocrx_word' id='word_1_174' title='bbox 1076 2523 1188 2601; x_wconf 88' lang='lat' dir='ltr'><em>Gallo,</em></span> <span class='ocrx_word' id='word_1_175' title='bbox 1212 2527 1272 2588; x_wconf 89' lang='lat' dir='ltr'><em>scd</em></span> <span class='ocrx_word' id='word_1_176' title='bbox 1292 2527 1407 2590; x_wconf 89' lang='lat' dir='ltr'><em>Maxi·</em></span> 
     </span>
    </p>

    <p class='ocr_par' dir='ltr' id='par_1_8' title="bbox 360 2609 714 2674">
     <span class='ocr_line' id='line_1_25' title="bbox 360 2609 714 2674; baseline -0.008 0"><span class='ocrx_word' id='word_1_177' title='bbox 360 2612 467 2674; x_wconf 90' lang='lat' dir='ltr'><em>miano</em></span> <span class='ocrx_word' id='word_1_178' title='bbox 485 2609 714 2673; x_wconf 88' lang='lat' dir='ltr'><em>attribuuntur.</em></span> 
     </span>
    </p>

    <p class='ocr_par' dir='ltr' id='par_1_9' title="bbox 359 2690 1494 3533">
     <span class='ocr_line' id='line_1_26' title="bbox 405 2690 1406 2776; baseline 0.003 -21"><span class='ocrx_word' id='word_1_179' title='bbox 405 2694 487 2755; x_wconf 88' lang='lat' dir='ltr'><em>XX.</em></span> <span class='ocrx_word' id='word_1_180' title='bbox 512 2691 663 2757; x_wconf 92' lang='lat' dir='ltr'><strong>THOM.</strong></span> <span class='ocrx_word' id='word_1_181' title='bbox 682 2690 936 2754; x_wconf 86' lang='lat' dir='ltr'><strong>REINESIUS</strong></span> <span class='ocrx_word' id='word_1_182' title='bbox 952 2691 1050 2776; x_wconf 86' lang='lat' dir='ltr'><em>Epist.</em></span> <span class='ocrx_word' id='word_1_183' title='bbox 1067 2694 1108 2756; x_wconf 82' lang='lat' dir='ltr'><em>ad</em></span> <span class='ocrx_word' id='word_1_184' title='bbox 1122 2693 1297 2757; x_wconf 88' lang='lat' dir='ltr'><em>Daumium</em></span> <span class='ocrx_word' id='word_1_185' title='bbox 1313 2693 1406 2758; x_wconf 81' lang='lat' dir='ltr'><em>lxxix.</em></span> 
     </span>
     <span class='ocr_line' id='line_1_27' title="bbox 360 2803 1408 2962; baseline -0.002 -33"><span class='ocrx_word' id='word_1_186' title='bbox 360 2803 381 2864; x_wconf 78' lang='lat' dir='ltr'>p</span> <span class='ocrx_word' id='word_1_187' title='bbox 405 2866 568 2929; x_wconf 88' lang='lat' dir='ltr'><em>Feruntur</em></span> <span class='ocrx_word' id='word_1_188' title='bbox 582 2866 651 2962; x_wconf 68' lang='lat' dir='ltr'><em>eius</em></span> <span class='ocrx_word' id='word_1_189' title='bbox 670 2861 887 2945; x_wconf 82' lang='lat' dir='ltr'><em>(Maximiani)</em></span> <span class='ocrx_word' id='word_1_190' title='bbox 906 2863 1052 2927; x_wconf 86' lang='lat' dir='ltr'><em>carmina</em></span> <span class='ocrx_word' id='word_1_191' title='bbox 1074 2863 1114 2926; x_wconf 89' lang='lat' dir='ltr'><em>de</em></span> <span class='ocrx_word' id='word_1_192' title='bbox 1137 2863 1317 2939; x_wconf 83' lang='lat' dir='ltr'><em>Senectute,</em></span> <span class='ocrx_word' id='word_1_193' title='bbox 1335 2863 1408 2928; x_wconf 90' lang='lat' dir='ltr'><em>Vir-</em></span> 
     </span>
     <span class='ocr_line' id='line_1_28' title="bbox 362 2947 1494 3035; baseline 0.001 -21"><span class='ocrx_word' id='word_1_194' title='bbox 362 2960 441 3026; x_wconf 88' lang='lat' dir='ltr'><em>tute,</em></span> <span class='ocrx_word' id='word_1_195' title='bbox 455 2949 516 3026; x_wconf 86' lang='lat' dir='ltr'><em>Ira,</em></span> <span class='ocrx_word' id='word_1_196' title='bbox 528 2948 660 3026; x_wconf 86' lang='lat' dir='ltr'><em>Inmdia,</em></span> <span class='ocrx_word' id='word_1_197' title='bbox 673 2947 839 3024; x_wconf 83' lang='lat' dir='ltr'><em>Patientia,</em></span> <span class='ocrx_word' id='word_1_198' title='bbox 852 2947 1002 3012; x_wconf 72' lang='lat' dir='ltr'><em>Avaritia.</em></span> <span class='ocrx_word' id='word_1_199' title='bbox 1032 2950 1190 3035; x_wconf 79' lang='lat' dir='ltr'><em>Ejusdem</em></span> <span class='ocrx_word' id='word_1_200' title='bbox 1202 2951 1406 3016; x_wconf 89' lang='lat' dir='ltr'><em>Maximiani</em></span> <span class='ocrx_word' id='word_1_201' title='bbox 1491 2951 1494 2958; x_wconf 80' lang='grc'><strong>’</strong></span> 
     </span>
     <span class='ocr_line' id='line_1_29' title="bbox 362 3036 1407 3122; baseline -0.002 -21"><span class='ocrx_word' id='word_1_202' title='bbox 362 3039 395 3101; x_wconf 87' lang='lat' dir='ltr'><em>in</em></span> <span class='ocrx_word' id='word_1_203' title='bbox 414 3036 586 3122; x_wconf 84' lang='lat' dir='ltr'><em>Virgilium</em></span> <span class='ocrx_word' id='word_1_204' title='bbox 601 3046 632 3099; x_wconf 91' lang='lat' dir='ltr'><em>ct</em></span> <span class='ocrx_word' id='word_1_205' title='bbox 651 3036 755 3100; x_wconf 84' lang='lat' dir='ltr'><em>Cicer.</em></span> <span class='ocrx_word' id='word_1_206' title='bbox 770 3036 855 3100; x_wconf 87' lang='lat' dir='ltr'><em>inter</em></span> <span class='ocrx_word' id='word_1_207' title='bbox 866 3036 927 3099; x_wconf 88' lang='lat' dir='ltr'><em>xii.</em></span> <span class='ocrx_word' id='word_1_208' title='bbox 945 3036 1219 3100; x_wconf 76' lang='lat' dir='ltr'><em>Scholasticorum</em></span> <span class='ocrx_word' id='word_1_209' title='bbox 1232 3038 1407 3100; x_wconf 88' lang='lat' dir='ltr'><em>Poetarum</em></span> 
     </span>
     <span class='ocr_line' id='line_1_30' title="bbox 361 3117 1409 3202; baseline -0.001 -18"><span class='ocrx_word' id='word_1_210' title='bbox 361 3122 507 3184; x_wconf 88' lang='lat' dir='ltr'><em>carmina</em></span> <span class='ocrx_word' id='word_1_211' title='bbox 522 3142 656 3193; x_wconf 85' lang='lat' dir='ltr'><em>uersus,·</em></span> <span class='ocrx_word' id='word_1_212' title='bbox 681 3122 756 3183; x_wconf 89' lang='lat' dir='ltr'><em>item</em></span> <span class='ocrx_word' id='word_1_213' title='bbox 778 3117 818 3180; x_wconf 86' lang='lat' dir='ltr'><em>de</em></span> <span class='ocrx_word' id='word_1_214' title='bbox 841 3123 862 3180; x_wconf 89' lang='grc'>4</span> <span class='ocrx_word' id='word_1_215' title='bbox 884 3119 959 3182; x_wconf 90' lang='lat' dir='ltr'><em>anni</em></span> <span class='ocrx_word' id='word_1_216' title='bbox 980 3120 1183 3202; x_wconf 85' lang='lat' dir='ltr'><em>temporibus,</em></span> <span class='ocrx_word' id='word_1_217' title='bbox 1202 3120 1242 3183; x_wconf 88' lang='lat' dir='ltr'><em>de</em></span> <span class='ocrx_word' id='word_1_218' title='bbox 1263 3121 1357 3198; x_wconf 90' lang='lat' dir='ltr'><em>Iride,</em></span> <span class='ocrx_word' id='word_1_219' title='bbox 1377 3131 1409 3184; x_wconf 89' lang='lat' dir='ltr'><em>et</em></span> 
     </span>
     <span class='ocr_line' id='line_1_31' title="bbox 360 3204 1407 3285; baseline 0 -17"><span class='ocrx_word' id='word_1_220' title='bbox 360 3204 431 3280; x_wconf 88' lang='lat' dir='ltr'><em>alii,</em></span> <span class='ocrx_word' id='word_1_221' title='bbox 448 3204 596 3266; x_wconf 89' lang='lat' dir='ltr'><em>meliores</em></span> <span class='ocrx_word' id='word_1_222' title='bbox 611 3211 694 3278; x_wconf 92' lang='lat' dir='ltr'><em>sunt,</em></span> <span class='ocrx_word' id='word_1_223' title='bbox 710 3224 806 3285; x_wconf 86' lang='lat' dir='ltr'><em>quam</em></span> <span class='ocrx_word' id='word_1_224' title='bbox 822 3213 858 3264; x_wconf 90' lang='lat' dir='ltr'><em>ut</em></span> <span class='ocrx_word' id='word_1_225' title='bbox 873 3225 942 3266; x_wconf 89' lang='lat' dir='ltr'><em>eum</em></span> <span class='ocrx_word' id='word_1_226' title='bbox 957 3205 1190 3267; x_wconf 74' lang='lat' dir='ltr'><em>semibarbaris</em></span> <span class='ocrx_word' id='word_1_227' title='bbox 1205 3217 1407 3282; x_wconf 87' lang='lat' dir='ltr'><em>censeantur,</em></span> 
     </span>
     <span class='ocr_line' id='line_1_32' title="bbox 359 3284 1408 3371; baseline 0.001 -20"><span class='ocrx_word' id='word_1_228' title='bbox 359 3289 416 3352; x_wconf 80' lang='lat' dir='ltr'><em>aui</em></span> <span class='ocrx_word' id='word_1_229' title='bbox 431 3297 537 3350; x_wconf 87' lang='lat' dir='ltr'><em>tomen</em></span> <span class='ocrx_word' id='word_1_230' title='bbox 550 3309 611 3348; x_wconf 91' lang='lat' dir='ltr'><em>non</em></span> <span class='ocrx_word' id='word_1_231' title='bbox 627 3284 898 3369; x_wconf 79' lang='lat' dir='ltr'><em>optimi—Ad</em></span> <span class='ocrx_word' id='word_1_232' title='bbox 916 3287 1156 3350; x_wconf 86' lang='lat' dir='ltr'><em>Maximianum</em></span> <span class='ocrx_word' id='word_1_233' title='bbox 1178 3297 1228 3351; x_wconf 89' lang='lat' dir='ltr'><em>est</em></span> <span class='ocrx_word' id='word_1_234' title='bbox 1249 3289 1408 3371; x_wconf 77' lang='lat' dir='ltr'><em>Epistola</em></span> 
     </span>
     <span class='ocr_line' id='line_1_33' title="bbox 359 3371 1407 3457; baseline -0.001 -20"><span class='ocrx_word' id='word_1_235' title='bbox 359 3375 403 3437; x_wconf 81' lang='lat' dir='ltr'><em>m</em></span> <span class='ocrx_word' id='word_1_236' title='bbox 418 3372 604 3457; x_wconf 75' lang='lat' dir='ltr'><em>Symmachi</em></span> <span class='ocrx_word' id='word_1_237' title='bbox 618 3371 673 3434; x_wconf 89' lang='lat' dir='ltr'><em>lib.</em></span> <span class='ocrx_word' id='word_1_238' title='bbox 691 3372 760 3434; x_wconf 87' lang='lat' dir='ltr'><em>aiii.</em></span> <span class='ocrx_word' id='word_1_239' title='bbox 776 3392 884 3435; x_wconf 73' lang='lat' dir='ltr'><em>omum</em></span> <span class='ocrx_word' id='word_1_240' title='bbox 899 3372 989 3434; x_wconf 88' lang='lat' dir='ltr'><em>illum</em></span> <span class='ocrx_word' id='word_1_241' title='bbox 1012 3393 1074 3454; x_wconf 86' lang='lat' dir='ltr'><em>ego</em></span> <span class='ocrx_word' id='word_1_242' title='bbox 1094 3373 1207 3456; x_wconf 80' lang='lat' dir='ltr'><em>potius</em></span> <span class='ocrx_word' id='word_1_243' title='bbox 1224 3373 1312 3435; x_wconf 88' lang='lat' dir='ltr'><em>sexti</em></span> <span class='ocrx_word' id='word_1_244' title='bbox 1334 3395 1407 3456; x_wconf 85' lang='lat' dir='ltr'><em>sep·</em></span> 
     </span>
     <span class='ocr_line' id='line_1_34' title="bbox 360 3456 890 3533; baseline -0.009 -11"><span class='ocrx_word' id='word_1_245' title='bbox 360 3460 469 3524; x_wconf 90' lang='lat' dir='ltr'><em>timioe</em></span> <span class='ocrx_word' id='word_1_246' title='bbox 483 3457 589 3521; x_wconf 79' lang='lat' dir='ltr'><em>saculi</em></span> <span class='ocrx_word' id='word_1_247' title='bbox 604 3478 674 3520; x_wconf 89' lang='lat' dir='ltr'><em>esse</em></span> <span class='ocrx_word' id='word_1_248' title='bbox 690 3456 818 3533; x_wconf 87' lang='lat' dir='ltr'><em>dixero,</em></span> <span class='ocrx_word' id='word_1_249' title='bbox 831 3465 890 3520; x_wconf 89' lang='lat' dir='ltr'><em>etc.</em></span> 
     </span>
    </p>
   </div>
   <div class='ocr_carea' id='block_1_4' title="bbox 360 3641 1409 4113">
    <p class='ocr_par' dir='ltr' id='par_1_10' title="bbox 396 3641 1409 3712">
     <span class='ocr_line' id='line_1_35' title="bbox 396 3641 1409 3712; baseline -0.002 -16"><span class='ocrx_word' id='word_1_250' title='bbox 396 3644 466 3697; x_wconf 82' lang='lat' dir='ltr'><em>²De</em></span> <span class='ocrx_word' id='word_1_251' title='bbox 485 3643 590 3698; x_wconf 79' lang='lat' dir='ltr'><em>Crinito</em></span> <span class='ocrx_word' id='word_1_252' title='bbox 610 3645 700 3712; x_wconf 85' lang='lat' dir='ltr'><em>(cujus</em></span> <span class='ocrx_word' id='word_1_253' title='bbox 718 3643 799 3695; x_wconf 82' lang='lat' dir='ltr'><em>verba</em></span> <span class='ocrx_word' id='word_1_254' title='bbox 817 3659 862 3694; x_wconf 90' lang='lat' dir='ltr'><em>su·</em></span> <span class='ocrx_word' id='word_1_255' title='bbox 902 3642 958 3708; x_wconf 86' lang='lat' dir='ltr'><em>Qui</em></span> <span class='ocrx_word' id='word_1_256' title='bbox 976 3642 1033 3711; x_wconf 88' lang='lat' dir='ltr'><em>ipse</em></span> <span class='ocrx_word' id='word_1_257' title='bbox 1051 3642 1178 3710; x_wconf 85' lang='lat' dir='ltr'><em>deceptus</em></span> <span class='ocrx_word' id='word_1_258' title='bbox 1198 3649 1240 3695; x_wconf 87' lang='lat' dir='ltr'><em>est</em></span> <span class='ocrx_word' id='word_1_259' title='bbox 1258 3641 1315 3695; x_wconf 83' lang='lat' dir='ltr'><em>vita</em></span> <span class='ocrx_word' id='word_1_260' title='bbox 1335 3641 1409 3697; x_wconf 81' lang='lat' dir='ltr'><em>Galli</em></span> 
     </span>
    </p>

    <p class='ocr_par' dir='ltr' id='par_1_11' title="bbox 360 3709 1406 4113">
     <span class='ocr_line' id='line_1_36' title="bbox 379 3709 1406 3780; baseline -0.001 -15"><span class='ocrx_word' id='word_1_261' title='bbox 379 3713 450 3766; x_wconf 81' lang='lat' dir='ltr'><em>erius</em></span> <span class='ocrx_word' id='word_1_262' title='bbox 460 3714 574 3765; x_wconf 87' lang='lat' dir='ltr'><em>adducta</em></span> <span class='ocrx_word' id='word_1_263' title='bbox 583 3712 661 3780; x_wconf 86' lang='lat' dir='ltr'><em>plane</em></span> <span class='ocrx_word' id='word_1_264' title='bbox 671 3712 744 3764; x_wconf 85' lang='lat' dir='ltr'><em>aliud</em></span> <span class='ocrx_word' id='word_1_265' title='bbox 753 3709 861 3776; x_wconf 85' lang='lat' dir='ltr'><em>docent)</em></span> <span class='ocrx_word' id='word_1_266' title='bbox 900 3710 992 3780; x_wconf 78' lang='lat' dir='ltr'><em>elegiis</em></span> <span class='ocrx_word' id='word_1_267' title='bbox 1002 3711 1166 3764; x_wconf 80' lang='lat' dir='ltr'><em>Maximiani</em></span> <span class='ocrx_word' id='word_1_268' title='bbox 1177 3728 1194 3762; x_wconf 89' lang='lat' dir='ltr'><em>a</em></span> <span class='ocrx_word' id='word_1_269' title='bbox 1207 3711 1326 3765; x_wconf 79' lang='lat' dir='ltr'><em>Gaui-ico</em></span> <span class='ocrx_word' id='word_1_270' title='bbox 1338 3728 1406 3780; x_wconf 84' lang='lat' dir='ltr'><em>prae-</em></span> 
     </span>
     <span class='ocr_line' id='line_1_37' title="bbox 360 3729 1406 3850; baseline -0.001 -16"><span class='ocrx_word' id='word_1_271' title='bbox 360 3729 463 3834; x_wconf 69' lang='lat' dir='ltr'><em>iallitur</em></span> <span class='ocrx_word' id='word_1_272' title='bbox 489 3781 610 3845; x_wconf 79' lang='lat' dir='ltr'><em>Vossius,</em></span> <span class='ocrx_word' id='word_1_273' title='bbox 637 3780 762 3833; x_wconf 82' lang='lat' dir='ltr'><em>inductus</em></span> <span class='ocrx_word' id='word_1_274' title='bbox 791 3780 865 3831; x_wconf 90' lang='lat' dir='ltr'><em>haud</em></span> <span class='ocrx_word' id='word_1_275' title='bbox 899 3780 961 3846; x_wconf 82' lang='lat' dir='ltr'><em>fixa,</em></span> <span class='ocrx_word' id='word_1_276' title='bbox 973 3798 1054 3850; x_wconf 83' lang='lat' dir='ltr'><em>quam</em></span> <span class='ocrx_word' id='word_1_277' title='bbox 1062 3780 1108 3833; x_wconf 88' lang='lat' dir='ltr'><em>ille</em></span> <span class='ocrx_word' id='word_1_278' title='bbox 1117 3780 1224 3850; x_wconf 83' lang='lat' dir='ltr'><em>putavit</em></span> <span class='ocrx_word' id='word_1_279' title='bbox 1235 3780 1334 3835; x_wconf 90' lang='lat' dir='ltr'><em>Criniti</em></span> <span class='ocrx_word' id='word_1_280' title='bbox 1343 3799 1406 3834; x_wconf 86' lang='lat' dir='ltr'><em>auc-</em></span> 
     </span>
     <span class='ocr_line' id='line_1_38' title="bbox 361 3848 1406 3918; baseline 0 -14"><span class='ocrx_word' id='word_1_281' title='bbox 361 3851 527 3905; x_wconf 82' lang='lat' dir='ltr'><em>dubiealoa·</em></span> <span class='ocrx_word' id='word_1_282' title='bbox 545 3850 690 3918; x_wconf 83' lang='lat' dir='ltr'><em>Scaligem,</em></span> <span class='ocrx_word' id='word_1_283' title='bbox 720 3848 863 3902; x_wconf 87' lang='lat' dir='ltr'><em>uiinAni·</em></span> <span class='ocrx_word' id='word_1_284' title='bbox 901 3850 966 3904; x_wconf 85' lang='lat' dir='ltr'><em>toris</em></span> <span class='ocrx_word' id='word_1_285' title='bbox 990 3868 1055 3903; x_wconf 84' lang='lat' dir='ltr'><em>ease.</em></span> <span class='ocrx_word' id='word_1_286' title='bbox 1094 3849 1256 3903; x_wconf 85' lang='lat' dir='ltr'><em>Observavit</em></span> <span class='ocrx_word' id='word_1_287' title='bbox 1273 3851 1325 3904; x_wconf 89' lang='lat' dir='ltr'><em>hoc</em></span> <span class='ocrx_word' id='word_1_288' title='bbox 1344 3851 1406 3904; x_wconf 91' lang='lat' dir='ltr'><em>Mo·</em></span> 
     </span>
     <span class='ocr_line' id='line_1_39' title="bbox 361 3920 1406 3989; baseline 0 -16"><span class='ocrx_word' id='word_1_289' title='bbox 361 3922 447 3973; x_wconf 81' lang='lat' dir='ltr'><em>madv.</em></span> <span class='ocrx_word' id='word_1_290' title='bbox 466 3920 495 3972; x_wconf 93' lang='lat' dir='ltr'><em>in</em></span> <span class='ocrx_word' id='word_1_291' title='bbox 513 3920 562 3973; x_wconf 89' lang='lat' dir='ltr'><em>loc.</em></span> <span class='ocrx_word' id='word_1_292' title='bbox 583 3927 667 3973; x_wconf 91' lang='lat' dir='ltr'><em>contr.</em></span> <span class='ocrx_word' id='word_1_293' title='bbox 714 3920 755 3972; x_wconf 85' lang='lat' dir='ltr'><em>nii</em></span> <span class='ocrx_word' id='word_1_294' title='bbox 773 3937 799 3989; x_wconf 89' lang='lat' dir='ltr'><em>p.</em></span> <span class='ocrx_word' id='word_1_295' title='bbox 819 3923 863 3972; x_wconf 78' lang='lat'><em>22.</em></span> <span class='ocrx_word' id='word_1_296' title='bbox 901 3928 965 3973; x_wconf 84' lang='lat' dir='ltr'><em>neta</em></span> <span class='ocrx_word' id='word_1_297' title='bbox 987 3920 1015 3972; x_wconf 91' lang='lat' dir='ltr'><em>in</em></span> <span class='ocrx_word' id='word_1_298' title='bbox 1040 3920 1210 3988; x_wconf 83' lang='lat' dir='ltr'><em>Menugianis</em></span> <span class='ocrx_word' id='word_1_299' title='bbox 1234 3921 1319 3985; x_wconf 84' lang='lat' dir='ltr'><em>novis,</em></span> <span class='ocrx_word' id='word_1_300' title='bbox 1345 3938 1406 3989; x_wconf 82' lang='lat' dir='ltr'><em>pag.</em></span> 
     </span>
     <span class='ocr_line' id='line_1_40' title="bbox 361 3989 1406 4056; baseline 0 -14"><span class='ocrx_word' id='word_1_301' title='bbox 361 3990 547 4054; x_wconf 83' lang='lat' dir='ltr'><em>affirmaverat,</em></span> <span class='ocrx_word' id='word_1_302' title='bbox 565 3989 700 4044; x_wconf 88' lang='lat' dir='ltr'><em>Crinitum</em></span> <span class='ocrx_word' id='word_1_303' title='bbox 719 3990 751 4042; x_wconf 88' lang='lat' dir='ltr'><em>de</em></span> <span class='ocrx_word' id='word_1_304' title='bbox 771 3989 864 4042; x_wconf 84' lang='lat' dir='ltr'><em>Maxi·</em></span> <span class='ocrx_word' id='word_1_305' title='bbox 902 3995 970 4056; x_wconf 72' lang='lat'><em>3423</em></span> <span class='ocrx_word' id='word_1_306' title='bbox 985 3990 1065 4044; x_wconf 83' lang='lat' dir='ltr'><em>etium</em></span> <span class='ocrx_word' id='word_1_307' title='bbox 1079 3989 1226 4045; x_wconf 84' lang='lat' dir='ltr'><em>Goldastus</em></span> <span class='ocrx_word' id='word_1_308' title='bbox 1238 3997 1266 4043; x_wconf 90' lang='lat' dir='ltr'><em>et</em></span> <span class='ocrx_word' id='word_1_309' title='bbox 1278 3990 1406 4044; x_wconf 84' lang='lat' dir='ltr'><em>Fontani·</em></span> 
     </span>
     <span class='ocr_line' id='line_1_41' title="bbox 361 4058 961 4113; baseline 0.002 -2"><span class='ocrx_word' id='word_1_310' title='bbox 361 4059 450 4112; x_wconf 82' lang='lat' dir='ltr'><em>miano</em></span> <span class='ocrx_word' id='word_1_311' title='bbox 463 4059 620 4113; x_wconf 86' lang='lat' dir='ltr'><em>Cornelium</em></span> <span class='ocrx_word' id='word_1_312' title='bbox 634 4059 745 4113; x_wconf 87' lang='lat' dir='ltr'><em>Gallum</em></span> <span class='ocrx_word' id='word_1_313' title='bbox 761 4058 863 4112; x_wconf 83' lang='lat' dir='ltr'><em>fecisse.</em></span> <span class='ocrx_word' id='word_1_314' title='bbox 902 4077 961 4112; x_wconf 90' lang='lat' dir='ltr'><em>nus.</em></span> 
     </span>
    </p>
   </div>
   <div class='ocr_carea' id='block_1_5' title="bbox 0 0 1620 4982">
    <p class='ocr_par' dir='ltr' id='par_1_12' title="bbox 0 0 1620 4982">
     <span class='ocr_line' id='line_1_42' title="bbox 0 0 1620 4982; baseline 0 0"><span class='ocrx_word' id='word_1_315' title='bbox 0 0 1620 4982; x_wconf 95' lang='lat' dir='ltr'><em> </em></span> 
     </span>
    </p>
   </div>
  </div>
 </body>
</html>
