3228 4982
554 459 758 526 Mlxunmur
781 464 930 527 Eunomo.

211 609 315 674 Dulce
331 609 391 674 fuit
404 611 565 677 madidam
581 613 606 676 si
622 613 683 677 fors
698 636 821 678 versare
836 614 1024 700 palaestram,

255 713 401 798 Implicui
416 713 526 777 validis
541 713 662 780 lubrica
676 717 821 780 membra
835 717 919 780 toris.

212 815 307 879 Nunc
322 815 396 899 agili
411 838 503 879 cursu
518 827 647 880 cunctos
662 817 781 881 anteire
797 817 954 882 solebam:

255 916 351 980 Nunc
365 916 498 1000 tragicos
514 929 623 982 cantus
639 941 825 1004 exsuperare
840 941 922 982 meo.

211 1018 360 1102 Augebat
374 1019 524 1082 meritum
539 1018 639 1082 dulcis
653 1019 791 1082 mixtura
804 1019 970 1095 bonorum,

256 1119 303 1183 Ut
317 1141 441 1204 semper
455 1119 577 1184 varium
591 1119 661 1205 plus
675 1120 773 1184 micat
787 1120 862 1184 artis
876 1143 963 1206 opus.

213 1220 306 1298 Nam,
323 1243 523 1308 quaecunque
538 1220 639 1285 solent
652 1245 710 1306 per
724 1244 756 1285 se
771 1244 925 1308 perpensa
939 1222 1072 1308 placere,

255 1322 388 1388 Altemo
402 1323 505 1410 potius
519 1323 624 1389 vincta
638 1325 751 1388 decore
766 1324 901 1410 placent.

212 1425 280 1488 Has
295 1425 377 1488 inter
391 1424 513 1489 virtutis
529 1447 612 1510 opes,
628 1424 794 1489 tolerantia
808 1448 915 1489 rerum

255 1527 432 1613 Spernebat
446 1538 574 1592 cunctas
588 1527 768 1613 insuperata
781 1528 892 1591 minas.

211 1629 337 1692 Vertice
352 1628 470 1692 nudato
485 1640 594 1692 ventos
608 1627 791 1715 pluviasque
807 1628 968 1694 ferebam:

254 1729 327 1793 Non
342 1730 420 1793 mihi
435 1729 611 1805 solstitium,
626 1751 686 1792 nec
700 1751 795 1812 grave
810 1729 906 1813 frigus
922 1742 1005 1794 crat:

211 1831 367 1895 Innabam
381 1829 501 1914 gelidas
517 1828 662 1893 Tiberini
677 1829 808 1913 gurgitis
823 1830 933 1906 undas,

256 1932 326 1996 Nec
340 1932 433 1997 timui
448 1931 545 1996 dubio
561 1931 689 1994 credere
704 1933 849 1996 membra
863 1931 952 1996 freto.

212 2033 364 2108 Quamvis
380 2032 492 2118 exiguo
506 2043 648 2118 poteram
664 2033 859 2120 requiescere
874 2056 993 2110 somno,

255 2135 299 2199 Et
312 2135 455 2222 quamvis
469 2134 594 2198 modico
608 2135 754 2199 membra
768 2135 873 2199 lovere
889 2135 969 2198 cibo.

211 2238 257 2302 At
271 2237 297 2301 si
311 2259 364 2301 me
379 2236 482 2300 subito
497 2236 621 2299 vinosus
636 2235 752 2320 reperit
766 2235 887 2322 hospes,

255 2340 323 2402 Aut
336 2338 428 2402 laetus
443 2337 518 2402 fecit
532 2359 656 2401 sumere
671 2337 744 2402 vina
758 2337 843 2414 dies3

212 2440 314 2504 Cessit
328 2451 361 2504 et
375 2441 440 2527 ipse
455 2451 546 2527 pater
561 2440 704 2504 Bacchus
720 2440 902 2528 stupuitque
917 2440 1091 2517 bibentem,

255 2541 299 2606 Et
312 2542 493 2629 quicunque
509 2541 588 2605 solet
601 2542 737 2618 vincere,
753 2542 855 2606 victus
870 2541 945 2605 abit.

212 2644 311 2722 Haud
325 2642 416 2707 facile
432 2654 479 2707 est
493 2643 636 2707 animum
650 2643 745 2707 tantis
760 2643 921 2707 inflectere
937 2642 1040 2720 rebus,

257 2745 304 2809 Ut
318 2767 367 2809 res
382 2745 537 2832 oppositas
551 2768 641 2810 mens
656 2746 736 2810 ferat
751 2768 816 2810 una
829 2745 916 2810 duas.

213 2847 285 2913 Hoc
300 2870 427 2935 quoque
441 2848 593 2913 virtutum
608 2849 769 2935 quondam
784 2847 956 2911 certamine
971 2871 1123 2932 magnum

255 2951 418 3014 Socratem
433 2949 572 3034 palmam
587 2949 794 3033 promeruisse
809 2948 924 3010 ferunt.

213 3051 300 3115 Hinc
315 3051 412 3115 etiam
428 3049 564 3133 rigidum
579 3059 756 3112 memorant
771 3047 903 3112 valuisse
921 3047 1093 3111 Catonem:

255 3153 329 3216 Nou
344 3151 440 3216 resin
456 3151 578 3228 vitium,
591 3152 648 3215 sed
661 3149 745 3214 male
761 3149 844 3214 facta
859 3150 986 3214 cadunt.

211 3253 399 3341 intrepidus,
415 3275 613 3341 quaecunque
629 3253 740 3329 forent,
757 3251 798 3316 ad
812 3261 983 3339 utrumque
997 3252 1138 3317 ferebar:

256 3357 422 3422 Cedebant
436 3355 542 3420 animo
556 3355 657 3420 tristia
671 3365 785 3420 cuncta
795 3377 877 3419 meo.

213 3457 402 3544 Pauperiem
416 3457 540 3521 modico
555 3466 721 3522 contentus
735 3478 859 3540 semper
873 3456 986 3531 amavi,

257 3559 300 3622 Et
315 3581 420 3623 rerum
435 3557 581 3623 dominus
595 3556 641 3619 nil
657 3556 812 3642 cupiendo
826 3555 881 3619 fui.

213 3661 266 3725 Tu
281 3682 333 3724 me
348 3659 414 3724 sola
428 3658 486 3723 tibi
501 3657 619 3734 subdis,
634 3656 813 3721 miseranda
827 3665 981 3731 senectus,

257 3763 319 3827 Cui
333 3762 426 3839 cedit,
443 3759 599 3848 quidquid
612 3759 737 3824 vincere
753 3769 868 3823 cuncta
881 3768 993 3845 potest

212 3863 251 3927 In
266 3873 298 3927 te
314 3863 497 3939 corruimus,
512 3873 568 3927 tua
583 3870 656 3925 sunt
670 3882 869 3947 quaecunque
885 3858 1049 3924 fatiscunt:

257 3964 381 4030 Ultima
394 3986 531 4052 quaeque
546 3973 601 4027 tuo
617 3961 744 4027 conficis
757 3961 825 4047 ipsa
838 3960 932 4024 malo.

213 4066 299 4150 Ergo
312 4066 361 4130 his
376 4077 523 4130 ornatum
537 4063 657 4129 meritis
671 4061 831 4147 provincia
844 4073 911 4126 tota

712 4185 734 4226 n
748 4169 770 4227 2
