3228 4982
346 522 388 582 42
684 516 888 581 Mnxrmrnnr
912 518 1061 582 Eurum.

388 668 432 731 Et
446 667 604 754 quondam
620 667 759 752 pulcher,
776 668 813 732 fit
826 668 921 732 modo
936 669 1035 753 turpis
1051 690 1159 755 equus.

346 769 458 833 Fracta
472 768 527 832 diu
542 769 643 833 rabidi
658 771 865 855 compescitur
879 771 926 834 ira
940 770 1056 834 leonis:

388 871 553 958 Lentaque
568 893 625 956 per
639 871 761 935 senium
778 871 893 956 Caspia
906 871 994 955 tigris
1009 872 1077 935 erit.

344 973 417 1058 Ipsa
431 974 526 1037 etiam
542 972 671 1036 veniens
687 973 842 1037 consumit
857 996 931 1038 saxa
945 983 1099 1038 vetustas:

387 1075 431 1139 Et
445 1073 569 1139 nullum
584 1085 632 1138 est
646 1075 732 1161 quod
746 1096 809 1139 non
823 1085 965 1162 tempore
981 1074 1073 1139 cedat
1087 1097 1173 1160 opus.

345 1176 411 1240 sed
424 1175 502 1239 mihi
517 1185 665 1241 venturos
679 1175 793 1240 melius
807 1187 996 1262 praevertere
1012 1197 1109 1252 casus,

387 1279 494 1364 Atque
510 1277 649 1340 infelices
664 1276 836 1362 anticipare
851 1277 926 1340 dies.

343 1379 444 1443 Poena
457 1378 570 1455 minor,
587 1387 705 1442 certam
720 1377 823 1443 subito
837 1379 975 1464 perferre
995 1379 1128 1455 ruinam,

386 1479 482 1554 Quod
496 1478 616 1555 timeas,
632 1479 766 1562 gravius,
783 1479 963 1543 sustinuisse
979 1480 1044 1543 diu.

342 1581 397 1657 At,
413 1603 491 1667 quos
506 1581 567 1645 fert
581 1580 666 1657 alios,
683 1580 753 1667 quis
768 1581 864 1667 possit
878 1581 983 1645 dicere
999 1581 1111 1646 casus?

386 1682 458 1747 Hoc
473 1705 599 1770 quoque
614 1683 740 1746 difficile
756 1692 803 1746 est
818 1686 1079 1748 commemorasse
1093 1686 1170 1748 seni.

341 1785 460 1869 Jurgia,
477 1797 663 1863 contemtus,
680 1786 879 1873 violentaque
895 1785 1012 1850 damna
1026 1797 1209 1874 sequuntur,

387 1886 457 1950 Nec
472 1887 638 1974 quisquam
653 1910 693 1951 ex
707 1888 802 1951 tantis
816 1887 939 1973 praebet
954 1887 1072 1953 amicus
1088 1911 1190 1974 opem.
1291 1898 1295 1904 '

342 1988 406 2074 Ipsi
420 2011 472 2052 me
487 1989 587 2075 pueri,
603 1999 698 2076 atque
713 1990 789 2075 ipsae
805 1989 872 2054 sine
887 1990 942 2053 lite
957 1990 1082 2075 puellae,

386 2091 496 2176 Turpe
511 2100 624 2176 putant
638 2091 802 2156 dominum
812 2091 881 2176 jam
896 2091 1032 2156 vocitare
1048 2115 1149 2156 suum.

344 2193 481 2257 irrident
494 2216 626 2278 gressus,
642 2193 774 2260 irrident
788 2195 925 2282 denique
940 2194 1055 2271 vultus,

387 2294 430 2357 Et
443 2295 626 2372 tremulum,
643 2297 802 2383 quondam
817 2299 904 2385 quod
918 2299 1061 2375 timuere,
1079 2310 1181 2384 caput.

343 2397 490 2482 Cumque
505 2395 584 2459 nihil
598 2396 733 2474 videam,
750 2409 858 2462 tamen
876 2399 935 2462 hoc
950 2411 1090 2484 spectare
1105 2400 1222 2477 licebit,

387 2498 434 2561 Ut
448 2497 571 2582 gravior
585 2498 699 2563 misero
713 2522 808 2585 poena
823 2500 863 2564 sit
877 2500 936 2564 ista
949 2501 1037 2565 mihi.

344 2601 443 2678 Felix,
460 2600 515 2689 qui
529 2602 646 2666 meruit
659 2602 863 2690 tranquillam
878 2604 994 2668 ducere
1009 2604 1116 2682 vitam,

387 2704 431 2768 Et
445 2703 532 2767 laetos
548 2703 651 2767 stabili
667 2705 815 2768 claudere
829 2707 893 2769 fine
909 2705 984 2769 dies.

343 2805 434 2869 Dura
448 2803 522 2868 satis
535 2804 657 2868 miseris
671 2806 857 2870 memoratio
871 2806 974 2891 prisca
987 2805 1152 2881 bonorum,

388 2906 431 2970 Et
444 2905 569 2991 gravius
584 2929 707 2972 summo
722 2907 859 2973 culmine
874 2908 969 2974 missa
983 2917 1088 2974 ruunt.

764 3169 902 3226 ELEG.
927 3169 968 3226 ΙΙ.

343 3314 395 3377 En
410 3312 525 3377 dilecta
539 3313 617 3377 mihi
632 3313 766 3377 nimium
782 3314 917 3379 formosa
932 3315 1069 3402 Lycoris,

386 3416 470 3479 Cum
485 3437 652 3502 quomens
668 3415 790 3492 eadem,
807 3438 856 3479 res
871 3416 931 3481 fuit
945 3440 1010 3482 una
1023 3418 1111 3494 mihi,

344 3517 419 3582 Post
432 3517 557 3596 multos,
573 3518 687 3606 quibus
702 3517 827 3584 indivisi
841 3519 985 3598 viximus,
1001 3543 1098 3586 annos

387 3621 522 3708 Respuit
536 3622 698 3708 amplexus
712 3622 776 3687 heu
789 3624 797 3687 l
820 3624 994 3710 stupefacta
1007 3647 1112 3704 meos3

341 3723 477 3810 Jamque
493 3723 568 3788 alios
578 3725 721 3809 juvenes,
738 3724 876 3811 aliosque
892 3726 1023 3812 requirit
1036 3748 1158 3791 amores
1167 3752 1183 3796 t,

387 3823 445 3888 Me
460 3835 552 3890 vocat
565 3825 737 3902 imbellem,
754 3826 1014 3915 decrepitumque
1030 3850 1155 3892 senem:

343 3924 413 3990 Nec
427 3926 606 3992 meminisse
621 3927 705 3992 valet
720 3938 885 3993 transactae
901 3928 1007 3994 dulcia
1021 3929 1104 4006 vitae,
1225 3957 1228 3964 ’

386 4027 465 4104 Nec,
481 4030 567 4115 quod
581 4053 633 4095 me
648 4030 751 4117 potius
766 4030 903 4094 reddidit
917 4031 984 4116 ipsa
998 4054 1114 4095 senem.
1150 4065 1152 4070 ·

343 4128 446 4194 Immo
461 4130 557 4196 etiam
573 4155 680 4197 causas
695 4133 818 4216 ingrata
832 4156 869 4198 ac
883 4133 1004 4219 perfida
1018 4134 1118 4218 fingit,

1374 3735 1393 3792 5
