3228 4982
381 421 422 483 ln
440 419 685 482 Mnxrumnuu
705 417 1024 482 Wnnusnonrmnm.
1194 425 1235 482 75

184 575 313 611 nauseam
332 556 397 609 dicit
416 554 512 610 Horat.
526 555 612 624 Epod.
632 554 668 609 ix.
683 561 725 609 85.
765 554 835 619 Quae
854 561 944 607 autem
962 555 1013 608 hac
1031 571 1131 607 nausea
1149 554 1238 607 reddit

184 627 305 697 Lycoris,
326 633 389 680 sunt
409 626 537 692 convicia,
557 627 654 695 probra
672 633 699 678 et
718 625 791 690 dirue,
812 641 878 696 quas
896 642 974 678 versu
993 625 1020 677 in
1039 625 1142 677 minore
1160 625 1235 689 dicit,

185 715 298 768 quaeque
311 698 376 750 alias
390 696 495 749 Latinis
510 699 596 750 evomi
612 696 862 748 dicuntur.—-16.
877 697 998 764 Imponat
1015 698 1103 763 capiti
1116 697 1157 763 pl.
1172 698 1236 747 dira

184 765 235 835 m.]
262 767 422 837 Appuleius,
437 766 471 818 ad
489 767 569 819 finem
583 766 683 819 Florid.
696 766 755 819 vii:
776 765 823 818 An
835 784 887 818 nan
903 783 1032 818 summam
1049 766 1236 819 contumeliam

185 840 260 892 vobis
274 840 396 905 imponit,
406 839 454 906 qui
466 855 513 890 vos
525 838 679 890 arbitratur
688 837 840 888 maledictis
850 839 946 904 optimi
955 837 1082 904 cujusque
1093 838 1236 903 paudere?

185 917 269 976 caput
286 925 334 977 pro
353 908 411 977 ipsa
429 924 550 976 persona,
565 907 629 971 vita,
644 906 739 960 salute.
777 905 856 959 ovid.
871 905 938 960 Her.
957 923 1001 959 xx.
1019 911 1080 958 127:
1101 908 1136 958 In
1153 915 1238 973 caput

186 979 243 1032 bac
261 986 382 1032 nostrum
401 980 514 1030 domine
530 978 667 1045 perjuria,
688 993 787 1044 quase,
802 976 947 1028 Eveniant.
987 976 1086 1029 Tibull.
1106 975 1124 1028 i.
1141 981 1168 1040 2,
1187 981 1235 1029 12:
1305 977 1310 982 “

185 1050 234 1113 Et,
254 1050 328 1100 mala
348 1050 374 1101 si
393 1065 447 1117 qua
469 1047 520 1100 tibi
539 1049 611 1099 dicit
629 1049 763 1099 dementia
785 1055 888 1109 nostra,
908 1047 1057 1112 anoscas;
1077 1048 1165 1114 copiti
1182 1048 1238 1098 sint

180 1120 345 1187 precordia
362 1121 544 1171 meo—17.
556 1117 619 1170 Heu
637 1119 705 1185 quid
720 1118 801 1184 louqo
814 1113 896 1183 dies]
919 1114 996 1168 Heu!
1019 1115 1145 1185 quidnam
1158 1115 1234 1180 illud,

186 1196 213 1242 et
226 1206 307 1258 quam
319 1188 418 1240 mirum
431 1193 480 1252 est,
496 1187 567 1256 quod
585 1187 666 1255 longa
684 1192 748 1239 aetas
767 1185 852 1251 affert,
868 1194 898 1239 ut
911 1186 1050 1255 quisquam
1070 1185 1152 1238 alium
1173 1185 1237 1240 olim

186 1258 238 1312 sibi
256 1260 399 1328 probatum
417 1265 497 1327 atque
516 1257 652 1321 dilectum,
669 1258 727 1324 jam
742 1263 820 1325 turpe
833 1264 918 1325 putet,
933 1255 961 1308 id
973 1256 1102 1309 confiteri.
1117 1258 1238 1324 prodere

186 1329 258 1382 enim
275 1329 326 1381 hoc
342 1329 401 1380 loco
414 1336 455 1380 est
466 1327 552 1380 fateri.
589 1327 614 1379 E
627 1334 734 1395 recepta
747 1327 854 1396 quidem
871 1326 1026 1379 melioribus
1043 1325 1176 1379 scribendi
1192 1343 1237 1378 ra-

187 1399 259 1452 tione
275 1398 417 1451 dicendum
435 1404 493 1450 erat
511 1399 585 1466 quod
601 1398 654 1450 sibi
672 1399 930 1465 quisquam...turpe
943 1404 1035 1464 putat,
1050 1396 1130 1466 idque
1148 1396 1237 1464 ipsum

186 1476 328 1538 propterea
339 1467 460 1537 posuisse
472 1467 579 1520 videtur
596 1467 654 1520 cod.
670 1467 703 1519 R.
717 1468 763 1519 sed
779 1471 808 1516 rb
824 1476 856 1519 ut
870 1485 919 1536 pro
936 1469 1010 1535 quod
1026 1484 1096 1536 saepe
1114 1470 1239 1535 usurpari

187 1557 203 1592 a
219 1539 349 1608 sequioris
368 1538 418 1592 oevi
436 1536 618 1606 scriptoribus,
638 1537 731 1589 monui
748 1537 861 1590 Excurs.
875 1537 910 1590 vi.
924 1537 958 1588 ad
974 1536 1102 1606 Calpum.
1117 1536 1195 1591 Tom.
1208 1537 1237 1590 ii.

187 1626 213 1678 p.
228 1614 289 1663 328.
328 1608 430 1662 Similis
443 1606 535 1661 Ovidii
549 1607 658 1677 querela
670 1607 702 1660 de
715 1623 797 1659 uxore
810 1614 851 1659 est
865 1607 945 1659 Trist.
960 1607 996 1660 iv.
1011 1612 1036 1671 3,
1052 1611 1098 1660 51:
1119 1607 1169 1659 Me
1186 1610 1237 1659 mi-

187 1697 284 1744 serum,
306 1682 332 1732 si
352 1687 432 1746 turpe
449 1687 534 1746 putas
556 1677 624 1730 milti
642 1685 727 1744 nupta
747 1677 851 1730 uideri!
873 1678 923 1730 Me
941 1679 1075 1741 miserum,
1096 1679 1122 1729 ai
1140 1677 1239 1745 tejam

182 1753 271 1818 pudet
282 1767 339 1802 esse
351 1753 562 1801 meum—93.
575 1749 641 1801 Jam
656 1747 728 1799 nibil
742 1755 783 1800 est
799 1755 881 1800 totum
895 1749 968 1815 quod
983 1743 1123 1814 visimus]
1162 1746 1239 1799 Nihil

186 1821 254 1872 mihi
271 1820 388 1893 prodest,
403 1819 446 1871 rel
463 1818 492 1870 in
510 1835 615 1871 cassum
634 1817 730 1870 cecidit
748 1834 827 1870 omne
844 1817 921 1881 illud,
936 1818 1007 1888 quod
1025 1818 1112 1870 adhuc
1127 1817 1239 1870 vivendo

187 1891 240 1958 egi,
255 1889 351 1951 merui,
366 1896 525 1946 consecutus
538 1893 723 1944 sum—25.
737 1888 830 1956 Atque
850 1906 891 1952 ea,
907 1889 970 1939 dum
982 1884 1079 1956 nivei]
1102 1888 1194 1957 Atque
1207 1906 1240 1940 ea

187 1960 309 2030 Lycoris,
325 1962 387 2016 dum
400 1963 477 2012 canis
489 1976 537 2031 per
550 1966 671 2027 tempora
683 1959 781 2026 sparsis
794 1965 821 2010 et
833 1959 947 2010 caeruleo
959 1957 1050 2010 vultus
1063 1959 1151 2011 colore
1164 1958 1242 2026 signa

206 2031 277 2082 rodit
297 2029 451 2098 incipientis
472 2029 626 2093 senectutis,
648 2029 750 2081 Restat
770 2027 860 2082 adbuc
879 2031 1010 2095 speciosa.
1049 2027 1138 2080 Possis
1160 2027 1241 2080 etiam

187 2047 277 2170 legere
297 2101 338 2156 At
361 2118 420 2152 mea
442 2117 478 2152 sc.
501 2099 623 2168 Lycorin.
660 2098 768 2152 Diserte
791 2106 884 2150 auctor
902 2097 972 2150 infra
990 2115 1015 2150 v.
1033 2103 1075 2151 53.
1115 2097 1138 2149 L
1158 2098 1241 2150 coridi

187 2171 314 2226 canitiem
336 2170 555 2223 tribuit.--26.
575 2170 712 2221 Caruleus
735 2170 783 2238 inf.
806 2187 856 2221 ora
876 2165 975 2234 color]
1016 2167 1103 2236 Supra
1148 2168 1201 2237 leg.
1221 2168 1239 2221 i.

163 2264 166 2269 ·
191 2245 255 2295 134:
282 2258 352 2293 nunc
371 2240 460 2306 inficit
481 2258 530 2292 ora
553 2240 651 2292 Pallor
671 2247 696 2292 et
716 2241 862 2307 ersnnquis
877 2240 1065 2308 funereusque
1085 2239 1243 2292 color.—

187 2317 231 2364 27.
245 2312 348 2364 Restat
363 2307 479 2376 addua]
493 2309 511 2361 i.
527 2327 549 2362 e.
565 2316 686 2378 superest
699 2309 786 2360 adhuc
803 2317 830 2360 et
846 2316 966 2360 remanet
983 2309 1110 2376 speciosa,
1126 2308 1241 2379 talisque

188 2381 239 2434 sibi
251 2381 366 2444 videtur,
376 2380 452 2450 quasi
483 2396 524 2431 uae
537 2378 660 2432 resistere
670 2379 743 2431 aetati
756 2379 874 2432 venienti
890 2379 1132 2448 potuerit—28.
1145 2378 1242 2433 Annos

189 2453 305 2519 despicit
323 2452 372 2503 illa
391 2397 482 2516 suosl
506 2449 574 2502 nihil
592 2456 677 2513 curat,
693 2456 758 2518 quot
776 2467 860 2501 annos
878 2450 984 2514 habeat,
999 2449 1063 2501 dum
1080 2448 1166 2501 forma
1181 2467 1239 2501 ma·

187 2526 376 2575 neat.--—30.
395 2520 487 2589 Atque
507 2523 577 2572 inter
596 2522 699 2572 cineres
719 2521 795 2572 cond.
810 2521 847 2588 fl.
869 2515 957 2586 mare]
990 2519 1085 2571 Manet
1105 2520 1192 2571 adhuc
1211 2519 1240 2571 in

188 2597 343 2645 senescente
356 2608 465 2659 corpore
478 2591 558 2642 decor
568 2589 615 2641 ille
627 2589 816 2658 ejurenilibus
829 2587 906 2640 annis
918 2588 1048 2653 residuus,
1064 2589 1110 2657 qui
1125 2588 1241 2642 excitare

189 2663 255 2715 adeo
266 2661 388 2718 flammas
403 2660 501 2714 amoris
514 2666 602 2729 queat.
641 2658 674 2712 In
686 2659 759 2710 hunc
775 2659 864 2727 ipsum
881 2659 991 2710 modum
1005 2657 1134 2711 Horatius
1148 2657 1239 2714 Carm.

188 2733 225 2788 iv.
243 2737 281 2785 la.
302 2739 371 2784 extr.
395 2729 622 2803 pulchritudinem
642 2728 785 2783 amabilem
803 2735 882 2782 aetate
900 2735 1067 2781 consumtum
1086 2737 1164 2782 vocat
1181 2731 1241 2784 Di-

224 2911 261 2955 16.
278 2908 385 2953 Plurima
397 2909 484 2968 probra
503 2906 533 2952 G.
582 2907 618 2953 17.
635 2906 676 2951 En
693 2905 752 2966 quid
768 2903 799 2950 V.
815 2903 858 2950 Gr.
875 2903 905 2950 L.
929 2921 989 2949 nunc
1005 2907 1089 2965 aufert.
1106 2905 1137 2952 V.
1156 2905 1187 2951 R.
1206 2906 1237 2952 G.

189 2974 251 3033 quod
260 2973 305 3018 sibi
316 2979 341 3018 et
352 2987 423 3017 versu
434 2985 483 3033 seq.
497 2976 574 3031 putat.
590 2970 621 3016 R.
639 2977 665 3015 ut
679 2968 718 3015 vel
733 2985 773 3013 nec
789 2969 835 3014 sibi
851 2983 951 3013 amanu
967 2983 1010 3014 sec.
1025 2975 1049 3014 et
1060 2985 1082 3015 v.
1098 2985 1147 3030 seq.
1168 2971 1242 3016 vivae

189 3044 255 3096 turpe
262 3043 339 3096 putat.
355 3035 385 3082 L.
403 3034 444 3082 sed
456 3034 560 3094 scriptor
574 3032 632 3080 libri
648 3034 675 3079 L.
695 3035 769 3078 vivere
785 3031 893 3091 posuisse
905 3031 1008 3088 videtur,
1020 3031 1085 3094 quod
1103 3033 1131 3080 rb
1144 3036 1242 3095 prodere

188 3099 249 3146 falso
261 3100 471 3159 interpretabatur.
506 3103 545 3146 20.
558 3100 609 3153 Quo
619 3099 699 3144 merito
707 3099 793 3142 nullum
800 3099 947 3142 decutiendus
955 3112 1023 3143 anm.
1035 3097 1066 3143 G.
1081 3097 1150 3143 nullo
1159 3112 1239 3144 sensu.

190 3169 228 3211 21.
246 3167 291 3211 Sed
297 3172 419 3225 postquam
432 3164 462 3210 V.
476 3164 518 3210 Gr.
551 3161 598 3209 Sed
609 3164 660 3208 haeo
671 3161 747 3226 lectio,
756 3160 932 3208 connexionem
944 3168 969 3207 et
980 3160 1175 3208 consecutionem
1187 3177 1241 3208 sen-

189 3227 322 3276 tentiarum
332 3227 405 3275 tollit.
444 3232 483 3275 23.
502 3229 588 3274 Omnia
599 3229 660 3290 ficit
672 3227 702 3274 V.
719 3226 762 3275 Gr.
783 3224 825 3272 sed
841 3227 887 3272 hoc
904 3233 1048 3285 corruptum
1058 3241 1088 3273 ex
1100 3241 1158 3273 voce
1169 3243 1243 3274 acum

190 3293 254 3340 male
267 3293 336 3340 lecta.
370 3297 409 3341 25.
426 3293 501 3354 Atque
516 3294 619 3354 equidem
634 3294 695 3338 nivei
708 3292 738 3337 V.
754 3292 797 3338 Gr.
814 3291 844 3337 G.
865 3291 940 3353 Atque
951 3293 1027 3337 eedem
1042 3292 1073 3338 R.
1092 3292 1128 3338 Et
1138 3294 1243 3354 qamvis

192 3357 221 3404 P.
251 3356 364 3419 Reliquae
372 3355 478 3418 vulgatae
489 3359 579 3404 habent
592 3357 625 3403 At
635 3357 742 3416 menjam
753 3357 821 3402 ntra.
847 3356 910 3410 Quae
921 3355 942 3401 si
953 3354 984 3402 de
995 3355 1084 3403 canitie
1095 3355 1242 3404 Maximiani

190 3420 366 3483 intelligantur,
378 3437 466 3482 parum
482 3420 562 3468 dicere
573 3420 686 3466 videntur
702 3435 747 3478 pro
759 3435 787 3466 ea
801 3419 962 3474 deformitate,
974 3435 1049 3481 quam
1065 3419 1111 3467 sibi
1125 3422 1245 3469 haetenus

189 3485 285 3539 tribuit,
296 3501 434 3547 parumque
449 3483 595 3545 respondent
612 3482 804 3543 precedentibus
818 3482 896 3530 dictis.
933 3486 969 3529 At
980 3482 1107 3530 varietates
1123 3483 1242 3539 lectionis,

190 3549 275 3596 hocin
286 3565 357 3596 versu
374 3549 533 3610 reperiunda,
546 3549 617 3594 ulcus
633 3548 730 3593 subesse
748 3545 892 3608 significent,
904 3554 929 3592 et
943 3545 1025 3606 potius
1042 3547 1135 3593 auctori
1152 3563 1242 3593 sermo-

190 3629 247 3660 nem
259 3629 309 3660 esse
321 3613 352 3660 de
363 3612 495 3674 incipiente
506 3611 594 3660 canitie
608 3609 744 3672 Lyconidis,
754 3619 781 3656 ut
793 3608 871 3658 dicet:
894 3609 1013 3664 Quamvis
1025 3609 1102 3669 ipsius
1115 3609 1243 3671 Lycoridis

189 3685 303 3739 tempora
316 3681 368 3736 jam
381 3677 436 3725 cuni
453 3677 611 3732 circumdent,
626 3676 713 3722 Restat
729 3683 811 3721 tamen
827 3673 871 3720 illa
887 3673 1002 3734 speciose,
1016 3681 1040 3720 et
1057 3673 1103 3721 sibi
1120 3674 1175 3720 talis
1191 3690 1243 3722 esse

190 3741 295 3798 uidetur,
306 3749 351 3789 ete.
390 3741 459 3789 Hinc
470 3741 535 3787 malo
547 3740 651 3788 scribere
666 3755 724 3786 cum
737 3738 820 3786 Pulm.
855 3740 1093 3804 thunmeis·aioei,
1109 3739 1192 3785 velex
1207 3740 1238 3786 R.

190 3806 311 3868 corrigere
324 3808 400 3868 Atque
411 3823 445 3860 eo,
458 3806 503 3867 (sc.
516 3804 632 3866 Lycoris)
644 3806 698 3851 dum
709 3805 777 3850 nivei.
814 3809 852 3852 26.
871 3805 970 3864 conficit
981 3820 1022 3850 ora
1036 3804 1066 3850 V.
1082 3804 1125 3850 Gr.
1143 3802 1185 3849 sed
1196 3804 1244 3850 hoc

190 3871 273 3917 minus
289 3878 376 3929 aptum
391 3871 453 3926 loco,
464 3877 489 3916 et
505 3876 660 3930 assumptum
671 3884 686 3914 a
695 3866 809 3924 librariis,
820 3875 849 3914 nt
861 3867 974 3914 ultimam
987 3870 1085 3914 brevem
1098 3866 1123 3913 in
1136 3869 1245 3914 cumbae

190 3951 220 3982 ex
233 3935 304 3982 metri
320 3935 375 3996 lege
389 3935 489 3997 longum
500 3934 631 3981 efficerent.
651 3948 700 3994 qua
714 3939 796 3979 tamen
814 3948 873 3979 cura
888 3947 937 3978 non
953 3946 1015 3991 opus
1029 3939 1088 3979 eret.
1125 3934 1163 3980 27.
1178 3934 1242 3978 Pra-

190 4007 238 4046 etnt
247 4001 323 4046 adbuc
334 4014 419 4046 omnes
431 3997 515 4060 scripti
526 4006 550 4045 et
563 3995 653 4052 excusi,
666 4012 715 4043 una
727 4003 828 4057 excepta
842 3997 873 4043 G.
892 4012 946 4058 quae
961 3999 1042 4043 Restat
1053 3995 1158 4044 exhibet.
1177 3996 1243 4059 quod

191 4063 370 4124 preferendum
381 4062 452 4110 elteri
464 4062 535 4118 duco,
547 4069 576 4109 ut
587 4060 713 4108 sententie
724 4060 813 4122 aptius.
834 4062 989 4122 sibisomoea
1003 4061 1047 4108 Gr.
1085 4066 1122 4110 ts.
1138 4063 1246 4124 Despicit

192 4130 243 4192 ipsa
254 4145 314 4184 auos,
329 4128 359 4176 V.
372 4135 397 4176 et
412 4129 443 4176 G.
481 4132 518 4175 29.
534 4129 616 4174 Primo
629 4124 754 4199 haberti.
787 4120 800 4136 '
