3228 4982
521 473 686 536 Aucroau
707 472 925 536 Eaaamaun.
1225 476 1246 540 7

193 623 235 686 ab
256 621 320 686 ullo
340 622 487 709 scriptore
508 623 623 687 factam
646 645 722 686 esse.
768 622 893 708 Nempe
916 623 999 688 circa
1020 623 1104 687 hunc
1126 647 1246 688 annum

195 708 415 772 Alexandrum
442 710 482 772 de
506 709 591 772 Villa
617 709 680 772 Dei
706 708 914 791 indignatum,
941 711 1027 794 quod
1054 709 1246 774 Maximiani

194 815 289 876 nugae
313 795 345 857 in
375 795 487 858 scholis
513 795 701 878 legerentur,
732 794 787 857 has
817 795 976 880 expellere
1002 795 1116 880 scripto
1142 798 1182 859 ab
1212 819 1245 860 se

194 881 388 944 Doctriaala'
409 903 584 963 paeroram
607 891 755 943 conatum
779 902 855 943 esse.
908 881 972 944 Sed
997 881 1065 946 haec
1089 881 1167 946 ratio
1190 883 1245 946 de-

194 963 343 1028 finiendae
367 964 559 1028 Maximiani
582 966 682 1029 aetatis
708 965 784 1028 levis
810 965 981 1030 admodum
1004 977 1036 1030 et
1058 967 1165 1052 inepta
1187 979 1243 1044 est,

191 1048 350 1132 siquidem
364 1050 479 1114 multos
495 1051 657 1134 scriptores
670 1061 789 1115 veteres
804 1051 966 1115 nominare
980 1075 1153 1136 possumus
1167 1076 1245 1138 quos

193 1145 278 1198 certo
294 1136 408 1199 scimus
422 1136 559 1220 antiquis
576 1136 769 1220 temporibus
789 1136 937 1211 lionrisse,
953 1160 1057 1221 neque
1077 1148 1184 1202 tamen
1200 1162 1245 1202 vr·

192 1219 304 1283 demus
325 1231 397 1284 ante
419 1222 478 1286 aevi
498 1221 595 1285 medii
614 1233 669 1284 aut
688 1222 862 1285 recentiora
880 1234 1022 1306 tempora
1043 1247 1062 1286 a
1084 1246 1245 1308 quoquam

191 1304 254 1368 alio
269 1307 327 1369 scri
350 1317 416 1370 tore
432 1307 528 1370 citari.
561 1307 675 1390 Neque
691 1307 769 1369 illud
783 1307 876 1391 plane
890 1308 1055 1371 admittere
1070 1331 1243 1392 possumus,

193 1391 279 1472 quod
345 1403 438 1456 oneta
461 1392 603 1467 affirmat,
630 1392 821 1456 Maximiani
846 1392 972 1476 Elegias
995 1395 1036 1456 ab
1059 1394 1244 1458 Alexandro

192 1475 356 1540 damnatas
374 1500 449 1541 esse.
496 1478 580 1541 Nam
601 1477 698 1541 alium
721 1480 761 1541 ab
784 1500 822 1541 eo
846 1478 1082 1542 Maximianum
1102 1480 1242 1556 indicari,

192 1562 433 1627 versificatorem
462 1564 712 1646 grammaticum,
741 1563 868 1626 natione
895 1563 1034 1638 Gallum,
1061 1565 1115 1648 qui
1142 1566 1183 1628 A.
1201 1567 1242 1629 D.

196 1651 278 1710 1200
301 1649 423 1724 vixerit,
450 1649 643 1713 Fontaninus
663 1649 783 1712 idoneis
804 1672 821 1711 e
842 1649 973 1712 testibus
993 1650 1145 1734 probavit.
1191 1652 1242 1714 De

192 1755 256 1817 quo
271 1734 331 1797 alio
346 1734 414 1798 loco
429 1735 570 1798 dicemus
584 1735 720 1798 uberius.

238 1819 303 1882 Sed
317 1820 494 1883 accedimus
509 1842 593 1882 nunc
611 1820 652 1883 ad
670 1831 797 1882 aetatem
817 1819 1004 1882 Maximiani
1023 1819 1244 1906 Elegiographi

188 1903 415 1981 definiendam,
441 1915 473 1968 et
496 1905 616 1989 potiora
637 1905 710 1968 vitae
735 1907 802 1990 ejus
825 1916 986 1968 momenta
1009 1907 1243 1984 consideranda,

191 2011 264 2094 quae
288 2013 327 2053 ex
349 1991 416 2074 ejus
439 1991 628 2054 carminibus
648 2013 756 2054 eruere
780 2001 812 2054 et
834 2013 1019 2073 cognoscere
1042 1991 1158 2056 licebit.
1205 1993 1243 2055 ln

193 2074 320 2140 Etruria
334 2088 444 2139 natum
460 2077 691 2162 educatumque
707 2076 810 2152 fuisse,
826 2076 968 2160 pluribus
986 2077 1060 2140 locis
1079 2078 1243 2161 significat,

192 2172 228 2224 ut
249 2161 338 2246 Eleg.
355 2161 375 2238 i,
392 2167 443 2224 59.
459 2186 488 2237 v,
509 2167 528 2224 5
550 2173 582 2225 ct
602 2168 643 2224 40
650 2165 668 2224 ⁰.
717 2163 834 2225 Studiis
852 2162 1068 2248 exercitiisque
1087 2163 1242 2240 omnibus,

191 2247 306 2332 quibus
324 2248 457 2332 juvenes
483 2247 596 2310 Romae
617 2247 732 2310 erudiri
750 2248 860 2323 solent,
879 2247 1019 2324 vacavit3
1046 2248 1188 2312 oratoriae
1206 2271 1244 2313 ac

191 2333 324 2416 poeticae
340 2333 398 2396 arti
414 2355 446 2396 se
461 2333 550 2396 dedit
564 2333 752 2408 adolescens,
772 2344 866 2419 atque
885 2332 917 2395 in
937 2342 1069 2419 utraque
1087 2335 1242 2418 palaestra,

192 2417 414 2482 declamatoria
443 2429 475 2482 et
503 2419 658 2504 gymnica,
690 2419 843 2482 exercitus
874 2441 929 2502 pro
958 2419 1064 2503 palma
1094 2421 1243 2485 certavit:

194 2501 283 2587 Eleg.
305 2504 325 2579 i,
345 2510 375 2580 9,
394 2527 480 2590 seqq.
498 2504 607 2587 gratia,
626 2515 798 2580 venustate,
818 2505 967 2586 agilitate,
991 2516 1095 2581 cantu,
1116 2517 1242 2582 venatu,

192 2589 372 2653 valetudine
406 2601 439 2653 et
473 2589 607 2674 corporis
636 2590 762 2665 viribus,
793 2590 907 2672 vigilia,
938 2591 1156 2674 temperantia,
1188 2592 1245 2655 sed

192 2675 288 2738 etiam
303 2675 489 2739 temulentia
504 2674 641 2761 aequales
656 2698 689 2738 se
705 2698 774 2738 suos
789 2675 866 2738 dicit
883 2679 1052 2760 superasse.
1099 2677 1193 2740 Casto
1212 2689 1245 2741 et

191 2760 271 2824 duro
286 2761 412 2845 ingenio
427 2783 459 2824 se
475 2761 705 2824 adolescentem
718 2762 819 2846 jactat
836 2761 939 2836 fuisse,
958 2771 994 2824 ut
1011 2762 1152 2846 quamvis
1174 2762 1245 2847 plu-

192 2846 278 2910 ribus
300 2869 319 2910 a
339 2847 452 2931 puellis
474 2847 711 2922 desideraretur,
734 2846 850 2910 nullius
873 2857 981 2911 tamen
1003 2869 1108 2910 amore
1131 2848 1245 2931 illigari

139 2981 145 2992 .
192 2932 296 3008 vellet,
318 2932 407 3016 Eleg.
426 2933 447 3008 i,
467 2939 518 3007 74,
538 2955 602 3017 seq.
648 2932 744 3005 Quod
766 2943 872 2995 autem
895 2932 1013 2994 artibus
1036 2943 1068 2994 et
1090 2932 1244 3004 exercitiis

192 3018 371 3081 memoratis
397 3018 568 3081 decertavit
592 3040 665 3080 cum
688 3017 765 3092 aliis,
790 3017 824 3079 id
846 3016 939 3100 plane
965 3016 1110 3091 ostendit,
1133 3018 1245 3082 vixisse

192 3125 266 3166 eum
282 3104 433 3187 juvenem
456 3103 579 3178 Romae,
598 3112 630 3165 et
649 3102 756 3166 multis
779 3100 900 3165 saeculis
918 3111 991 3164 ante
1010 3101 1243 3180 duodecimum,

192 3189 225 3251 in
245 3189 331 3274 quod
348 3211 421 3253 eum
439 3189 606 3252 detrudere
629 3188 807 3252 Bernardus
831 3188 966 3252 Moneta
987 3187 1020 3250 in
1044 3186 1245 3272 Menagianis

190 3285 331 3351 conatur,
356 3274 504 3348 floruisse,
530 3274 566 3337 iis
590 3297 704 3358 nempe
731 3273 933 3358 temporibus,
959 3273 1073 3421 quibus
1099 3274 1247 3340 Romana

186 3361 336 3444 juventus
350 3360 436 3423 hisce
451 3360 568 3423 artibus
587 3360 760 3423 etiamnum
776 3359 913 3422 exerceri
929 3383 961 3423 so
975 3361 1057 3422 ebat.
1093 3361 1244 3443 Vegetius

191 3446 299 3509 saeculi
314 3446 346 3507 V
357 3446 495 3530 scriptor,
508 3445 588 3509 libro
605 3445 620 3507 l
636 3446 676 3508 de
695 3445 744 3508 Re
762 3445 859 3518 Milit.
877 3467 943 3528 cap.
956 3451 987 3520 3,
1000 3445 1124 3508 scribit:
1148 3449 1243 3510 sado-

191 3555 258 3596 rem
273 3555 368 3596 cama
383 3543 415 3595 et
430 3534 605 3616 campestri
620 3533 779 3595 exercitio
793 3533 958 3594 collectam
974 3532 1244 3614 aaadajaaeatas

191 3618 346 3681 abluebat
369 3617 402 3680 ia
434 3618 556 3680 Tiberi.
613 3616 685 3678 Hoc
711 3615 814 3700 ipsum
837 3613 945 3678 fecisse
970 3636 1002 3676 se
1029 3613 1246 3678 Maximianus

193 3701 283 3784 Eleg.
299 3701 320 3777 i,
336 3725 365 3764 v.
377 3707 429 3764 37.
442 3710 590 3764 testatur:
616 3702 772 3765 Iactabam
784 3701 917 3786 gelidas
939 3700 1244 3785 Tiberiaiflamiais

192 3790 305 3852 undas.
347 3787 470 3850 Urbem
483 3785 616 3869 patriam
634 3783 822 3848 Maximiani
839 3784 964 3870 propius
985 3783 1123 3847 indicare
1142 3795 1245 3849 tentat

194 3871 387 3936 Fontaninus
409 3895 440 3956 p.
464 3877 515 3946 55,
539 3881 634 3956 atque
657 3893 696 3935 ex
722 3871 788 3955 ipso
813 3893 904 3933 versu
930 3870 1007 3954 ejuS,
1031 3892 1127 3956 quem
1149 3871 1245 3936 modo

227 4067 237 4098 ⁶
252 4062 305 4115 Sed
316 4080 369 4133 quo
378 4080 458 4116 sensu
469 4061 588 4127 Etruria,
600 4061 697 4114 Etrus·
735 4069 820 4127 catur,
835 4060 951 4115 indicavi
963 4060 991 4114 in
1006 4067 1096 4116 annot.
1113 4061 1147 4114 ad
1163 4060 1242 4130 Eleg.

190 4139 278 4184 auset
293 4133 397 4188 Tuscus
410 4151 467 4187 aevo
480 4131 639 4185 Maximiani
656 4132 697 4184 di·
735 4149 760 4195 v,
775 4137 800 4185 5.
