3228 4982
360 465 398 532 IO
636 470 724 532 VITA
740 491 782 532 ET
799 471 891 533 ACTA
912 469 1126 534 Mnxmnnnr.

353 642 484 684 munere
500 620 624 683 functus
640 631 696 696 est,
712 619 908 684 hauddubie
926 620 1032 705 plures
1050 631 1143 685 antea
1163 621 1316 688 honorum
1337 648 1408 708 gra·

353 705 412 768 dus
427 705 608 790 permeavit.
655 707 787 789 Legatio
806 717 913 769 autem
934 729 981 782 ea,
1002 706 1155 770 Goldasto
1175 718 1207 770 et
1230 708 1407 774 Fontanino

354 800 439 855 recte
460 791 684 875 judicantibus,
703 793 794 876 jussu
818 792 850 854 T
851 791 1007 855 heodorici
1030 793 1111 874 regis
1133 805 1276 877 suscepta
1297 807 1345 859 cst
1366 798 1408 860 ad

356 875 567 951 Anastasium,
582 877 806 961 Imperatorem
820 877 967 941 Orientis.
1004 877 1088 940 Nam
1102 877 1316 943 Maximianus
1331 881 1408 945 dicit

357 960 447 1044 Eleg.
462 986 491 1025 v.
510 967 537 1037 l,
553 962 683 1026 missum
698 985 730 1026 se
746 985 812 1026 esse
828 963 870 1026 ad
884 965 979 1027 ans
991 973 1110 1060 partes
1124 967 1225 1110 pacis
1243 971 1407 1032 nectendoe

354 1071 483 1124 curiosa,
510 1057 543 1112 et
572 1049 657 1132 apud
688 1049 907 1112 Cassiodorum
931 1048 1098 1112 Venarum
1136 1048 1204 1111 ibro
1230 1049 1250 1112 i.
1275 1050 1407 1134 epistola

354 1132 464 1216 prima,
481 1155 552 1218 quae
570 1144 617 1197 est
636 1134 824 1197 Theodorioi
848 1133 944 1215 Regis
964 1133 1005 1196 ad
1025 1133 1227 1196 Anastasium
1249 1135 1329 1220 Imp.
1351 1159 1407 1221 pa·

354 1240 425 1280 cem
445 1229 477 1281 et
494 1219 664 1282 amicitiam
682 1219 764 1282 inter
781 1229 950 1304 utrumque
969 1217 1136 1303 imperium
1157 1220 1405 1284 confirmandam

353 1303 444 1366 offert
459 1314 491 1367 et
506 1305 715 1379 commendat,
734 1327 816 1390 quae,
838 1302 989 1368 Goldasto
1009 1313 1093 1366 recte
1109 1305 1282 1388 judicante,
1302 1305 1404 1391 ipsum

353 1388 492 1486 diploma
515 1389 687 1471 legationis,
712 1412 808 1475 quam
833 1388 1047 1452 Maximianus
1071 1390 1157 1464 obiit,
1182 1413 1248 1454 esse
1271 1391 1403 1455 videtur.

355 1474 455 1556 Igitur
478 1478 525 1538 ad
546 1477 641 1539 ans
661 1485 777 1560 partes
800 1485 889 1539 notat
913 1474 1226 1559 Constantinopolim,
1248 1477 1304 1540 ubi
1327 1477 1403 1540 dum

354 1558 568 1622 Maximianus
583 1558 745 1642 legationis
760 1583 868 1624 caussa
884 1562 1074 1636 morabatur,
1091 1561 1230 1645 contigit,
1246 1563 1332 1647 quod
1351 1562 1404 1626 ille

352 1666 427 1708 mox
441 1645 567 1729 subjicit
583 1644 673 1728 Eleg.
688 1669 717 1710 v.
734 1651 772 1708 5:

439 1788 510 1853 Hic
524 1812 572 1852 mc
585 1789 766 1874 suscipiens
781 1790 934 1852 Etruscae
947 1790 1055 1874 gentis
1071 1791 1229 1852 claranum

483 1875 623 1938 Incclr'it
633 1876 759 1958 patriis
779 1875 888 1938 Graiu
898 1876 1012 1958 puella
1029 1876 1124 1938 dolia.

353 2015 463 2088 Quum
484 2037 516 2078 se
536 2026 718 2100 susceptum
738 2015 814 2078 dicit
834 2038 853 2078 a
875 2015 972 2078 Graia
991 2015 1106 2099 puella,
1126 2015 1250 2078 videtur
1271 2017 1402 2101 Copam,

351 2111 407 2164 aut
422 2123 508 2186 copae
524 2100 710 2164 servientem
728 2099 875 2185 puellam,
896 2100 1080 2183 intelligere,
1100 2123 1172 2186 quae
1192 2102 1402 2165 tabernariam

351 2188 526 2261 exercebat,
544 2197 576 2250 ot
590 2187 768 2270 peregrinos
783 2185 916 2269 hospitio
931 2185 1116 2270 excipiebat.
1163 2186 1247 2249 Nam
1267 2185 1300 2249 in
1320 2214 1403 2252 nav-

353 2272 499 2357 δοχείοιθ
525 2282 557 2335 et
578 2272 751 2334 diversoriis
774 2271 912 2334 tabernis
934 2272 1076 2334 inventas
1100 2294 1165 2334 esse
1190 2273 1257 2356 ejus
1279 2273 1403 2355 generis

352 2356 483 2419 feminas
493 2379 564 2442 quae
578 2356 762 2419 meretriciis
777 2357 895 2419 artibus
910 2357 1045 2441 hospites
1057 2357 1250 2420 attraherent
1261 2370 1293 2421 et
1302 2357 1403 2420 irreti-

351 2452 431 2517 rent,
448 2465 486 2504 ex
499 2441 684 2527 antiquitate
697 2441 769 2504 satis
785 2452 905 2505 constat
915 2445 933 2504 ⁸.
965 2443 1016 2505 De
1032 2443 1144 2505 eadem
1161 2465 1238 2527 copa
1255 2443 1344 2526 Eleg.
1361 2443 1401 2506 iv.

351 2533 403 2602 54,
421 2528 544 2591 videtur
559 2527 717 2613 conqueri,
734 2550 868 2613 eamque
884 2531 964 2593 lcnae
979 2527 1131 2592 vocabulo
1147 2528 1332 2612 significare,
1345 2529 1402 2591 ubi

351 2614 395 2676 sic
410 2614 533 2678 scribit:

438 2741 516 2804 Hoc
531 2741 628 2803 ctiam
643 2740 822 2804 meminisse
836 2741 936 2814 decet,
954 2743 1043 2824 quod
1055 2743 1160 2805 serior
1175 2751 1260 2806 celus

481 2827 609 2898 Intulit,
624 2834 655 2888 et
670 2826 822 2910 gemitus,
837 2846 917 2908 quos
930 2828 1009 2888 milri
1025 2827 1104 2890 laeta
1118 2829 1219 2890 dedit.

353 2959 420 3023 Etsi
436 2959 521 3022 enim
536 2959 587 3022 hic
602 2981 710 3022 omnes
728 2957 833 3042 scripti
853 2967 886 3021 et
907 2957 1012 3020 excusi
1034 2957 1105 3021 libri
1128 2956 1237 3041 legunt
1260 2960 1336 3022 laela
1351 2959 1401 3022 vel

351 3049 423 3122 leto,
440 3045 492 3110 vix
506 3056 613 3109 tamen
631 3045 709 3107 mihi
726 3044 834 3109 videor
851 3067 976 3107 sensum
997 3066 1108 3107 sanum
1129 3055 1161 3106 et
1181 3043 1362 3128 expeditum
1383 3066 1401 3106 e

350 3154 441 3194 versu
456 3132 514 3194 isto
528 3154 616 3215 posse
632 3153 751 3204 eruere,
768 3129 827 3191 nisi
843 3131 915 3193 lena
930 3128 1044 3212 legam.
1090 3129 1246 3227 Loquitur
1260 3128 1345 3191 enim
1361 3130 1400 3192 de

349 3217 463 3278 seriore
479 3226 571 3278 aetate
587 3237 651 3288 sua,
668 3237 764 3312 quam
779 3223 886 3297 postea
901 3224 1080 3276 narratums
1095 3225 1142 3276 est
1156 3214 1272 3276 insanis
1285 3213 1401 3298 puellae

349 3301 511 3364 lenociniis
541 3300 749 3374 succubuisse,
776 3320 871 3396 quam
901 3309 1066 3381 propterea
1094 3299 1225 3362 minime
1256 3300 1402 3363 convenit

349 3389 457 3450 loetam
472 3385 585 3448 dicere.
626 3386 671 3448 At
686 3387 758 3448 lena
775 3406 800 3446 sr
815 3383 946 3466 legatur,
960 3383 1102 3447 videmus
1116 3385 1283 3447 mulierem
1298 3384 1401 3467 desig-

349 3471 427 3547 nari,
452 3494 524 3557 quae
548 3493 632 3545 eum,
656 3469 802 3532 seriorem
830 3479 956 3532 aetatem
981 3491 1053 3531 cum
1078 3480 1194 3552 ageret,
1217 3469 1401 3532 meretriciis

348 3557 467 3622 artibus
488 3556 701 3631 circumvenit,
721 3565 754 3619 et
773 3554 910 3639 puellam
932 3555 1023 3618 istam
1046 3555 1185 3631 Graiam,
1207 3556 1247 3618 de
1270 3578 1333 3640 qua
1353 3578 1401 3618 se-

349 3655 465 3728 quente
480 3643 592 3726 Elegia
606 3642 752 3727 loquitur,
766 3640 954 3715 subornavit,
968 3641 1056 3725 cujus
1071 3640 1225 3704 illecebris
1241 3651 1273 3704 et
1287 3641 1401 3704 amori-

349 3729 408 3790 bus
422 3729 547 3813 periret.
594 3728 688 3789 Hanc
703 3726 761 3789 sibi
776 3747 849 3788 vere
864 3725 941 3788 dicit
952 3729 1093 3808 gemitus
1112 3729 1249 3799 dedisse,
1266 3726 1325 3787 hoc
1342 3736 1399 3801 est,

348 3835 489 3875 caussam
513 3813 572 3876 sibi
595 3811 749 3874 malorum
776 3810 879 3884 fuisse,
904 3810 1018 3895 quibus
1044 3810 1248 3893 ingemiscere
1274 3833 1400 3874 necesse

347 3907 437 3961 esset.
484 3898 529 3960 At
551 3920 590 3960 ue
611 3898 666 3960 hos
685 3895 820 3979 gemitus
839 3895 903 3980 ipse
923 3918 997 3959 mox
1016 3896 1200 3981 insequente
1223 3895 1323 3979 elegia
1345 3896 1401 3959 de-

347 3993 462 4048 cantat.
518 3921 640 4066 Magna
665 3992 733 4046 tum
763 3981 911 4066 temporis
939 4004 1111 4065 ganearum
1141 3991 1173 4044 et
1202 3980 1399 4065 lupanarium

514 4144 525 4178 ⁸
540 4139 665 4209 Amplius
679 4139 731 4193 hoc
748 4139 860 4208 exposui
875 4145 938 4194 tom.
955 4140 982 4195 ii.
997 4141 1027 4195 P.
1039 4140 1070 4194 L.
1083 4139 1123 4194 M.
1138 4157 1164 4208 p.
1177 4144 1238 4193 259.

1480 133 1483 138 ’
1587 187 1594 540 l
