3228 4982
425 409 467 472 In
484 407 730 472 Msxrmranuu
747 407 1069 474 Wnnssnoarmura.
1231 411 1272 473 71

218 543 272 597 iem
285 543 343 598 vult
361 544 457 609 dicere,
473 544 529 598 sive
547 545 663 615 speciem
681 546 779 599 habere
792 545 949 613 Larvarum,
964 546 1007 599 vel
1020 545 1176 611 Lemurum,
1192 549 1272 600 audis

218 615 322 668 ossibus
340 614 537 680 cabaerentium,
553 623 584 668 ut
601 616 717 684 explicat
738 615 840 670 Seneca
855 616 942 686 Epist.
957 617 1028 670 xxiv.
1068 616 1112 670 Sic
1131 617 1203 670 enim
1222 617 1269 670 de-

219 685 334 738 scribere
347 703 423 738 senes
436 686 574 754 capulares
586 686 671 739 macie
703 686 797 739 allidos
809 694 837 739 et
849 704 976 740 exsuccos
989 687 1118 741 solebant.
1149 689 1271 741 Laroale

218 757 393 808 simulacrum
410 756 527 824 appellat
543 755 668 825 Appulei.
683 705 752 810 litet.
766 756 784 810 i.
797 775 824 825 p.
838 762 864 809 5.
879 764 906 809 et
923 757 969 811 lib.
983 757 1017 812 iv.
1032 775 1058 840 p.
1073 763 1116 823 67,
1135 758 1207 810 busti
1222 776 1269 811 ca·

219 826 312 891 daver,
328 828 390 878 vita
403 829 526 890 dedecus,
544 827 774 896 Oreifastidium.
811 827 849 880 Et
861 827 940 895 plane
953 836 1073 896 apposite
1086 835 1180 880 auctor
1191 828 1270 897 Eleg.

219 895 252 947 de
265 896 339 948 Fort.
353 895 450 950 Viciss.
465 915 489 950 v.
507 901 571 948 129:
594 898 728 949 Sardibus
744 905 770 948 et
785 898 868 950 multo
886 899 984 951 similis
1002 900 1128 966 squalore
1146 899 1269 966 sepultis,

227 966 280 1017 Via
302 968 373 1018 inter
392 969 466 1020 vivos
487 967 566 1020 larua
588 969 705 1018 videnda
726 972 954 1034 vapor—240.
975 969 1044 1030 Quis
1063 969 1112 1020 sub
1132 969 1212 1021 uitali
1230 986 1271 1021 me

214 1054 245 1103 p.
260 1053 283 1088 e.
298 1032 394 1103 loco?]
422 1037 521 1089 Fateor
537 1054 580 1088 me
597 1054 693 1106 neque,
708 1038 801 1090 uitalis
818 1038 891 1090 locus
904 1037 964 1108 quis
981 1036 1024 1102 sit,
1039 1055 1135 1107 neque,
1150 1039 1197 1090 sub
1213 1039 1271 1092 loeo

219 1123 276 1158 esse
293 1106 340 1175 qui
357 1106 410 1159 dici
426 1107 518 1175 possit,
534 1106 598 1159 satis
614 1106 774 1174 intelligere.
813 1107 923 1159 Ferrem
940 1107 1118 1177 aliquatenus,
1133 1107 1156 1160 si
1167 1109 1216 1160 sub
1229 1111 1270 1162 vi-

220 1177 272 1228 tali
284 1178 353 1243 polo
369 1176 499 1245 scriptum
516 1184 594 1242 esset,
610 1193 672 1228 nam
685 1178 795 1230 vitalem
813 1177 881 1230 aira
896 1195 912 1230 a
926 1176 1082 1246 Calpurnio,
1097 1179 1206 1230 vitalem
1219 1196 1270 1230 aa·

219 1253 310 1299 turam
323 1264 339 1299 a
352 1246 456 1300 Rutilio
473 1247 527 1300 dici
543 1247 663 1311 memini,
678 1264 730 1316 qua
747 1246 894 1300 animantia
909 1248 1003 1301 vivunt
1020 1255 1047 1301 et
1064 1248 1174 1316 spirant.
1213 1247 1270 1301 Ne·

238 1333 272 1368 ue
294 1323 384 1370 tamen
405 1318 463 1369 haec
483 1315 617 1370 'sententia
637 1324 776 1386 assumpta
794 1316 858 1370 satis
877 1318 1030 1370 conveniret
1048 1317 1269 1387 praecedentibus.

220 1333 292 1452 311ae
308 1387 380 1439 enim
398 1386 455 1439 haec
473 1387 642 1440 consecutio:
670 1388 744 1449 Quia
763 1387 830 1439 mihi
848 1395 977 1456 perpetuo
991 1389 1136 1456 jacendum
1154 1388 1183 1440 in
1202 1395 1270 1454 toro,

220 1464 248 1509 et
261 1457 376 1524 jacendo
389 1457 533 1509 vivendum
545 1465 594 1523 est,
609 1474 688 1510 nemo
701 1475 744 1508 me
757 1456 864 1525 putabit
875 1457 950 1510 vitali
967 1459 1017 1511 sub
1034 1458 1103 1510 coelo
1116 1476 1182 1512 esse.
1210 1458 1272 1528 Ego

219 1527 292 1580 hunc
310 1527 400 1580 locum
418 1527 509 1596 paullo
528 1527 628 1579 acriore
647 1527 780 1579 medicina
804 1528 952 1580 sanandum
970 1535 1045 1596 puto,
1066 1529 1112 1581 sed
1131 1546 1184 1599 qua
1202 1529 1227 1582 ei
1245 1536 1273 1582 et

220 1615 329 1650 sensum
342 1604 369 1650 et
382 1597 543 1666 elegantiam
560 1595 708 1650 conciliem.
748 1596 857 1650 Scribo:
885 1599 955 1660 Quis
972 1615 1024 1651 uon
1041 1600 1121 1651 uitali
1138 1617 1179 1652 me
1192 1607 1274 1667 putet

220 1685 277 1720 esse
290 1677 358 1733 toro,
373 1674 420 1720 aut
440 1669 509 1730 Quis
522 1685 562 1720 me
575 1669 603 1719 ia
615 1669 663 1720 uit.
676 1685 729 1719 aaa
735 1685 767 1734 p.
781 1685 804 1720 e.
819 1675 837 1720 t.
875 1666 981 1737 Nempe
994 1669 1104 1721 vitalem
1117 1669 1212 1722 lectum
1225 1675 1273 1722 aut

220 1745 308 1791 torum
324 1737 388 1791 boni
406 1737 503 1790 ominis
521 1754 601 1790 causa
619 1743 722 1789 veteres
739 1736 863 1790 dicebant
881 1737 991 1790 feralem
1010 1745 1037 1790 et
1055 1733 1203 1804 funebrem,
1219 1756 1272 1808 quo

220 1807 401 1861 offerebantur
418 1809 555 1872 cadavera,
574 1807 644 1859 sicut
662 1809 760 1860 uitalia
781 1807 871 1859 omnia
888 1806 1067 1861 instrumenta
1084 1807 1206 1861 funebria
1223 1826 1272 1877 pro

220 1879 407 1932 mortualibus.
439 1877 502 1932 Vid.
516 1878 624 1930 Petron.
644 1894 701 1946 cap.
718 1882 752 1929 42
772 1885 799 1929 et
818 1883 859 1930 77.
880 1884 908 1930 et
928 1877 1030 1931 Seneca
1047 1877 1135 1947 Epist.
1155 1884 1197 1932 99.
1235 1879 1272 1933 Et

220 1947 380 2001 Lactantius
391 1949 419 2001 in
432 1948 528 2001 Phoen.
543 1966 568 2000 v.
579 1953 621 2000 90.
636 1947 774 2016 eleganter
796 1947 866 2000 banc
884 1947 1029 2001 dictionem
1041 1950 1075 2001 ad
1087 1948 1180 2002 nidum
1192 1949 1271 2018 phoe·

220 2018 297 2084 nicis,
313 2036 366 2088 quo
379 2036 407 2071 se
424 2025 534 2084 cremat,
549 2017 683 2070 traduxit:
712 2018 852 2086 Vitalique
871 2027 929 2072 toro
947 2020 1065 2071 membra
1086 2022 1178 2088 quieta
1191 2021 1271 2074 locat.

221 2087 284 2142 Vid.
307 2096 397 2142 annot.
418 2095 502 2142 nostr.
523 2088 557 2140 ad
577 2088 604 2141 h.
623 2088 642 2140 l.
662 2087 727 2141 Jam
748 2105 841 2140 sensus
862 2088 925 2141 hinc
945 2088 1099 2157 aptissimus
1120 2089 1269 2143 enascitur:

223 2158 318 2225 Quum
337 2176 442 2228 semper
461 2160 566 2226 jaceam
587 2158 616 2210 in
636 2165 703 2224 toro,
725 2156 866 2227 vivamque
884 2159 1007 2227 jacendo,
1030 2159 1089 2228 quis
1109 2177 1163 2211 non
1183 2166 1272 2212 torum

220 2228 297 2280 illum
310 2246 401 2281 meum
418 2247 446 2280 re
458 2246 521 2280 vera
532 2228 643 2281 vitalem
659 2245 717 2281 esse
733 2234 818 2296 putet,
834 2228 862 2280 in
879 2246 932 2298 quo
944 2228 1034 2282 vivere
1051 2229 1158 2299 quidem
1170 2229 1269 2295 videar,

220 2299 267 2352 sed
286 2307 374 2352 tamen
395 2305 425 2351 ut
442 2306 565 2351 mortuus
579 2299 693 2366 jaceam,
711 2298 832 2367 proxime
851 2297 1007 2354 efferendus.
1028 2317 1084 2353 esse
1102 2303 1130 2352 ia
1148 2309 1207 2353 toro
1223 2318 1272 2369 pro
1364 2353 1372 2361 ,

152 2403 161 2416 ·
215 2371 315 2438 jacere,
337 2387 391 2422 non
410 2369 517 2421 videtur
537 2368 663 2432 insolens,
685 2368 817 2438 siquidem
839 2376 932 2422 auctor
956 2369 1049 2438 elegiae
1071 2370 1104 2422 ad
1126 2370 1273 2423 Messalam

220 2458 245 2494 v.
266 2445 306 2493 18.
326 2440 355 2492 id
374 2440 486 2492 verbum
507 2438 545 2491 sic
565 2439 682 2508 accepit:
709 2441 814 2506 patula
835 2440 883 2492 sub
906 2443 1019 2507 tepmiae
1041 2459 1154 2509 quercus
1173 2443 1273 2494 Maris

214 2519 344 2578 pastores
357 2519 383 2564 et
394 2510 538 2562 Melibaus
552 2517 639 2574 erant,
653 2509 705 2579 ie.
716 2510 851 2576 jacebant,
863 2510 906 2562 vel
919 2511 1187 2564 sedebant—245.
1198 2513 1273 2564 Hinc

219 2583 332 2634 miseros
356 2581 469 2644 scabies,
494 2576 560 2646 etc]
593 2578 718 2631 Juvenal.
741 2596 767 2632 x.
790 2583 859 2631 218:
887 2581 1047 2632 circumsilit
1067 2583 1173 2648 agmine
1189 2581 1272 2650 facto

219 2651 381 2704 Morborum
393 2668 469 2704 omae
479 2668 571 2716 penus.
609 2648 648 2701 Et
662 2648 764 2701 Seneca
775 2648 863 2716 Epist.
880 2653 945 2702 108:
968 2649 1097 2703 Senectus
1110 2652 1273 2704 insanabilis

219 2722 327 2774 morbus
340 2725 522 2774 est—246.
532 2721 626 2786 AEpra
638 2728 759 2772 senectus
771 2715 879 2786 babet]
897 2719 1009 2772 Frustra
1016 2719 1161 2773 Withofius
1174 2739 1200 2790 p.
1210 2726 1270 2776 317.

219 2790 316 2844 vitium
332 2797 461 2859 correptae
478 2790 586 2858 syllabae
606 2789 708 2842 ultimas
720 2789 749 2840 in
761 2799 881 2843 senectus
896 2789 1001 2842 amoliri
1017 2791 1050 2842 ab
1067 2797 1184 2856 auctore,
1199 2799 1227 2844 et
1242 2791 1272 2844 in

220 2860 414 2930 descriptorum
431 2860 562 2913 incuriam
577 2858 720 2912 transferre
732 2866 854 2912 conatur.
892 2859 965 2912 Nam
977 2868 1103 2912 extremae
1116 2861 1275 2914 Latinitatis

220 2931 306 3000 poetis
326 2931 391 2984 talia
410 2937 473 2983 sunt
492 2929 652 2983 communia.
690 2928 749 2982 Nec
769 2947 829 2999 quae
849 2946 897 2998 pro
917 2930 1102 2982 emendatione
1122 2931 1271 2997 substituit,

220 3019 290 3069 rupa
307 3003 400 3055 senilis
416 3001 506 3065 babet,
521 3000 548 3051 vi
565 3006 592 3053 et
608 3017 688 3054 sensu
707 3017 813 3069 aequare
833 3001 959 3066 rejectam
978 2999 1120 3052 lectionem
1138 2999 1271 3056 videntur.

221 3071 271 3124 Ad
287 3074 425 3125 conticuos
442 3073 557 3138 gemitus
575 3069 662 3122 notari
681 3076 794 3138 possunt
812 3068 910 3121 similia
922 3071 1002 3122 verba
1016 3068 1166 3138 Calpurnii,
1181 3089 1206 3123 v.
1223 3075 1270 3124 12:

220 3141 357 3210 Adspicis,
377 3150 408 3194 ut
425 3142 501 3194 cobis
513 3142 577 3208 jam
597 3142 697 3192 dudum
718 3141 791 3192 mille
813 3140 937 3208 querelas
954 3139 1081 3209 Adferat,
1104 3148 1131 3193 et
1148 3141 1273 3193 baculum

215 3220 328 3280 premat
348 3213 479 3264 inclinata
504 3219 632 3264 senectus.
675 3208 860 3263 columbanus
881 3209 899 3262 1.
919 3226 942 3262 c.
964 3227 988 3263 v.
1007 3213 1057 3262 26:
1086 3211 1163 3272 Quid
1181 3213 1273 3265 tristes

220 3300 361 3336 memorem
377 3284 502 3350 gemitus,
523 3283 591 3349 quid
608 3282 691 3334 tcedia
710 3283 948 3334 mentia—247.
966 3281 1117 3348 Spirabilis
1136 3282 1194 3347 air,
1215 3281 1233 3335 i.
1248 3300 1271 3337 e.

220 3352 317 3416 vitalis,
333 3370 385 3423 quo
401 3351 533 3421 spiramus
550 3358 576 3405 et
592 3350 716 3414 vivimus,
731 3350 864 3421 quomodo
881 3350 999 3419 appellat
1017 3349 1146 3420 Calpurn.
1160 3352 1214 3406 viii.
1229 3359 1272 3407 36.

221 3422 353 3492 Virgilius
370 3422 433 3474 AEn.
448 3421 486 3476 iii.
499 3425 560 3487 600,
578 3421 643 3474 dicit
660 3423 720 3474 coeli
735 3422 867 3488 spirabile
885 3422 980 3485 lumea,
996 3422 1089 3474 eodem
1106 3440 1195 3487 sensu,
1210 3424 1274 3493 quia

220 3494 308 3546 lumen
320 3511 369 3562 pro
381 3495 451 3558 abre,
466 3492 510 3545 vel
521 3496 729 3545 aura—248.
739 3491 781 3543 Et
797 3492 852 3555 lus,
868 3508 922 3558 qua
935 3493 1063 3557 rapimur,
1079 3508 1132 3560 qua
1149 3492 1271 3558 efficitur,

221 3570 251 3615 ut
269 3563 414 3627 videamus,
436 3561 591 3626 sentiamus,
610 3578 731 3630 agamus,
752 3565 1051 3614 moveamur.-—249.
1065 3562 1187 3630 Requies
1204 3580 1271 3629 pra-

253 3727 308 3770 239.
322 3723 402 3782 Mapis
412 3737 498 3783 seraper
502 3721 582 3782 jaceat
592 3723 699 3782 vivatque
712 3722 744 3768 R.
786 3726 841 3769 24l.
858 3722 926 3776 Quod
936 3723 1037 3769 uicimus
1051 3722 1082 3768 G.
1119 3725 1173 3770 242.
1193 3723 1273 3784 Offerr-

219 3789 278 3833 dunt
289 3789 335 3833 neb.
352 3787 383 3833 R.
403 3803 462 3832 aura
473 3793 554 3832 noceat
566 3787 596 3833 V.
612 3786 643 3832 R.
659 3786 690 3833 G.
708 3793 771 3832 nocet
786 3785 908 3847 pleraeque
919 3786 1032 3848 vulgatae.
1069 3790 1124 3834 243.
1143 3790 1190 3833 Ros
1205 3789 1277 3834 eriam

219 3853 282 3898 laedit
294 3852 425 3911 modicoque
437 3852 603 3911 corrumpimur
620 3850 707 3911 (supra
723 3849 805 3910 script.
825 3849 967 3912 affligimur)
985 3853 1056 3897 imbre
1069 3850 1100 3898 V.
1120 3853 1275 3912 corrumpitur

222 3915 322 3975 Bipont.
341 3915 441 3961 sortasse
452 3930 481 3961 ex
493 3929 582 3968 errore,
594 3929 651 3960 nam
662 3929 747 3960 omnes
758 3913 811 3960 aliae
823 3917 994 3976 corrumpimur.
1036 3919 1091 3962 245.
1107 3916 1171 3962 Hinc
1182 3917 1280 3962 miseros

223 3979 266 4027 Gr.
285 3980 316 4026 R.
333 3978 362 4027 L.
378 3979 409 4026 G.
430 3977 497 4040 quod
513 3977 690 4039 praeferendum
705 3977 802 4025 videtur
816 3978 922 4040 vulgatae
937 3981 1054 4027 miserant.
1096 3981 1151 4027 247.
1168 3982 1229 4027 Reor
1237 3980 1273 4027 V.

223 4045 254 4092 R.
273 4045 354 4105 quibus
372 4051 405 4090 est
420 4046 476 4104 spir.
495 4044 526 4090 R.
543 4043 572 4090 L.
588 4043 620 4090 G.
664 4047 718 4090 249.
737 4044 791 4104 Ipsa
808 4045 877 4089 etiam
895 4044 926 4090 A.
945 4043 982 4090 Pi.
1000 4043 1102 4105 Bipont.
1126 4046 1175 4106 lpse
1192 4044 1222 4091 V.
1239 4045 1271 4091 R'.

223 4107 253 4157 L.
271 4109 302 4155 G.
318 4108 348 4155 B.
366 4108 396 4154 0.
417 4106 569 4170 quodetiam
581 4107 634 4154 vuit
648 4106 780 4155 Withotius
791 4123 815 4167 p.
831 4111 887 4155 als.
