3228 4982
355 460 398 523 64
627 453 929 518 Normur·Vnn1rn
947 452 1141 516 Lucrrouns

354 588 474 642 Isidorus
491 587 524 640 de
537 587 569 641 iis
588 587 624 642 xi.
641 591 668 640 1:
695 589 770 641 Gilia
782 595 845 640 eunt
865 589 992 654 tegmina,
1007 587 1103 656 quibus
1119 589 1310 655 cooperiuntur
1326 591 1407 654 oculi,

354 667 382 712 et
399 661 474 712 dicto
492 657 568 721 cilia,
587 659 661 726 qnod
677 658 763 712 celent
781 655 871 710 oeulos
891 665 1037 725 teqantque
1056 665 1116 710 tuta
1134 659 1266 712 custodio.
1303 658 1409 712 Dubito

353 733 453 793 autem,
474 745 508 780 an
527 726 589 781 cilia
606 727 657 780 hoc
675 726 734 779 loco
752 725 843 795 potius
861 726 1017 795 accipienda
1034 725 1089 779 sint
1107 728 1140 780 de
1159 727 1317 796 superciliis,
1356 728 1409 782 His

352 797 425 850 enim
437 797 524 866 magis
537 795 670 861 convenit,
682 796 756 866 quod
767 805 841 849 serta
854 795 989 861 dicuntur,
1004 813 1101 865 nempe
1113 797 1236 865 pluribus
1249 797 1410 866 complicata

352 866 423 936 pilis,
437 873 465 920 et
477 867 549 936 quod
561 865 686 934 deinceps
699 867 769 919 silva
783 865 827 918 Iris
848 867 904 920 ido.
942 865 1003 920 Nisi
1019 865 1088 919 forte
1104 883 1153 935 pro
1169 875 1244 920 serta
1260 866 1407 936 legendum

352 943 394 989 est
406 944 493 1004 septo,
509 936 572 1006 quia
584 935 708 989 Lactant.
723 936 756 988 de
766 933 818 1004 Op'
834 976 839 988 .
853 952 880 988 x.
892 940 909 988 2
921 955 928 988 ε
949 937 1021 1003 Ipsae
1028 937 1179 1004 pomebroe,
1189 937 1260 1004 pilis
1272 939 1301 988 in
1313 939 1408 992 ordine

352 1008 487 1060 stantibus
500 1006 617 1070 vallate,
633 1014 738 1073 septum
750 1007 834 1058 oeulis
847 1007 1061 1058 decentissimum
1073 1007 1338 1073 prebent—140.
1357 1009 1406 1059 In·

353 1077 477 1130 cennens
495 1075 608 1142 hispida
626 1077 705 1140 siloa,
721 1092 817 1143 nempe
835 1074 1001 1127 horrentium
1020 1075 1215 1144 densarumque
1234 1082 1352 1128 setarum
1365 1077 1408 1130 vel

351 1145 477 1214 pilorum.
515 1145 586 1199 Nam
600 1145 637 1198 sic
646 1147 753 1215 sociem
769 1143 907 1212 hispidam
921 1143 990 1197 Hor.
1006 1143 1095 1200 Carm.
1109 1143 1145 1197 iv.
1162 1149 1202 1210 10,
1217 1151 1243 1209 5,
1261 1145 1326 1199 dicit
1342 1147 1405 1200 bar·

351 1216 453 1270 batam.
484 1214 562 1297 Virg.
575 1214 636 1268 Ecl.
727 1219 781 1268 84:
805 1215 1002 1284 Hirsutumquc
1018 1215 1200 1281 supercilium,
1214 1218 1407 1284 promissaque

352 1285 448 1339 barba.
485 1285 593 1338 Parater
603 1301 679 1337 coma
692 1283 765 1338 silve
778 1290 956 1352 comparatur.
993 1283 1073 1336 Ovid.
1087 1283 1155 1336 Met.
1170 1284 1226 1338 xiii.
1240 1289 1308 1338 845:
1329 1303 1406 1338 coma

347 1356 472 1422 plurima
490 1364 580 1408 torvos
594 1355 736 1408 Prominet
753 1356 781 1406 in
797 1353 895 1418 uultus,
910 1352 1094 1421 humerosque,
1109 1362 1140 1406 ut
1157 1355 1241 1418 lucus,
1256 1355 1405 1409 obumbrat.

352 1423 420 1477 Haec
433 1441 495 1478 vero
507 1423 612 1491 hispida
625 1431 652 1476 et
663 1421 800 1476 horrentia
812 1421 954 1491 supercilia
966 1429 1046 1491 poeta
1061 1439 1115 1475 non
1131 1440 1180 1492 pro
1196 1423 1296 1478 indicio
1312 1441 1405 1477 senec·

352 1493 419 1546 tutis
431 1510 530 1562 ponere
542 1493 656 1557 videtur,
673 1493 720 1545 sed
735 1491 825 1545 luctus
842 1498 869 1544 et
886 1491 1016 1561 squaloris
1032 1491 1137 1546 inculti.
1176 1492 1267 1560 Quem
1283 1493 1408 1547 similiter

351 1562 440 1632 pingit
459 1562 537 1615 ovid.
559 1561 642 1616 Trist.
661 1561 679 1615 i.
698 1567 724 1626 3,
746 1566 798 1616 90:
826 1561 1160 1630 Eqredior...Sqnnlidns
1182 1564 1310 1617 immissis
1329 1563 1405 1618 hirto

347 1649 402 1700 per
414 1649 464 1686 ora
477 1633 702 1686 comis—141.
712 1632 814 1684 Nescio
827 1633 896 1700 quid
912 1639 1016 1686 torvum
1036 1650 1058 1685 s.
1067 1632 1131 1701 sur.
1151 1628 1223 1699 oid]
1239 1631 1285 1686 Sic
1299 1632 1361 1686 Sen.
1376 1632 1406 1688 iu

354 1701 465 1771 Thyest.
480 1706 548 1756 706:
570 1709 674 1755 torvum
686 1709 714 1754 et
729 1701 866 1769 obliquum
883 1702 988 1754 intuens
1007 1709 1086 1754 torva
1104 1703 1196 1755 videre
1210 1701 1323 1756 fortasse
1336 1703 1404 1756 Ovi·

352 1771 413 1824 dius
425 1770 532 1840 scripsit
545 1770 611 1826 Her.
625 1771 688 1826 xvii.
702 1776 749 1824 16:
773 1771 808 1824 st
818 1788 871 1824 non
884 1771 999 1838 estficto
1017 1772 1105 1824 vultus
1122 1771 1189 1824 milri
1206 1774 1294 1825 tristis
1308 1774 1336 1824 in
1347 1791 1404 1827 ore.

351 1842 412 1894 Nec
432 1843 512 1894 sedeo
530 1843 608 1894 duris
626 1849 704 1895 torva
722 1841 884 1908 superciliis.
925 1839 997 1892 Nam
1016 1840 1153 1894 Puteanus
1171 1841 1255 1893 codex
1274 1858 1336 1894 cum
1357 1859 1404 1896 sex

352 1910 411 1964 aliis
423 1910 526 1976 habuit,
541 1928 589 1963 nec
601 1913 703 1976 videor,
719 1910 791 1980 quod
807 1910 895 1978 placet
912 1908 1036 1977 Heinsio,
1055 1915 1082 1962 et
1100 1909 1212 1963 fortasse
1230 1911 1328 1964 melius
1344 1929 1404 1964 ver·

352 1980 419 2033 titur
430 1980 459 2032 in
472 1982 558 2043 video,
576 1980 646 2032 unde
663 1979 766 2033 librarii
781 1978 902 2032 fecerunt
919 1981 1007 2032 sedeo.
1043 1979 1217 2032 Burmannus
1236 1987 1328 2033 tamen
1340 1982 1402 2034 vul-

352 2056 444 2118 gatam
462 2049 722 2102 defendit—145.
739 2050 854 2116 Duplex
866 2067 894 2101 se
907 2045 1119 2116 litterafinolit]
1135 2048 1276 2102 Sententia
1288 2052 1405 2104 auctoris

352 2119 410 2172 haec
423 2128 479 2172 est:
500 2119 616 2188 Legenti
627 2117 695 2170 mihi
706 2117 814 2184 librum,
828 2118 926 2171 litterae
939 2135 1031 2172 omnes
1043 2119 1169 2172 videntur
1184 2119 1261 2188 quasi
1273 2120 1402 2189 duplices,

352 2189 490 2258 ancipites,
505 2206 580 2256 vagae
594 2195 621 2242 et
633 2187 750 2242 confusae
763 2189 894 2253 oberrare,
908 2188 947 2240 ita
959 2195 990 2240 ut
1002 2188 1110 2256 pagina,
1125 2189 1247 2258 quamvis
1259 2199 1324 2242 nota
1337 2191 1406 2243 mihi

352 2266 379 2312 et
398 2259 462 2311 olim
479 2258 557 2323 lecta,
575 2266 607 2311 ut
625 2258 715 2323 sciam,
737 2264 802 2327 quot
821 2257 963 2327 atquibus
981 2257 1069 2310 verbis
1089 2264 1201 2322 constet,
1222 2275 1294 2310 nunc
1314 2266 1405 2314 tamen
1449 2283 1454 2290 ·

352 2329 458 2396 lnrqior
474 2334 501 2380 et
517 2327 639 2395 pluribus
657 2327 763 2392 litteris,
781 2326 897 2394 spatium
915 2327 1113 2392 excedentibus,
1130 2327 1249 2380 conferta
1267 2337 1404 2397 appareat.

352 2397 475 2450 Affectus
486 2397 531 2448 hic
543 2396 690 2461 oculorum,
705 2413 758 2464 quo
771 2396 853 2464 dupla
869 2413 897 2448 se
914 2403 1050 2449 ostentant
1066 2398 1179 2464 objecta,
1194 2397 1259 2451 alias
1278 2399 1358 2452 ebriis
1378 2407 1405 2454 et

352 2465 456 2519 entheis
469 2464 604 2531 tribuitur,
619 2464 717 2534 quihus
730 2465 868 2518 oculorum
883 2465 1007 2531 musculi,
1022 2466 1064 2518 vel
1081 2466 1165 2519 nimio
1182 2467 1291 2535 spiritus
1310 2469 1404 2524 ardore

352 2536 556 2601 contrahuntur,
572 2535 615 2588 vel
632 2535 772 2588 solvuntur
788 2534 958 2599 humiditate,
979 2542 1010 2588 ut
1028 2535 1177 2589 Famabius
1196 2537 1230 2589 ad
1247 2537 1305 2590 haec
1323 2540 1405 2592 verba

354 2606 470 2672 Senecae,
486 2604 584 2674 Agam.
598 2605 628 2659 ii.
645 2609 705 2671 728,
725 2605 892 2658 observavit:
920 2606 978 2658 Sed
991 2622 1049 2658 ecce
1064 2608 1170 2672 pennino
1188 2607 1244 2659 sole
1255 2608 1406 2677 proesulqet

352 2678 431 2734 dies;
456 2677 649 2744 Geminnmqne
666 2676 787 2743 duplices
803 2675 897 2742 Arpos
913 2676 1016 2728 attollit
1031 2677 1143 2734 domos,·
1167 2675 1264 2745 quibus
1280 2676 1403 2732 imitatus

352 2752 393 2798 est
403 2745 549 2813 Virgilium
562 2745 626 2798 AEn.
640 2745 676 2797 iv.
691 2749 751 2798 470.
782 2744 826 2796 De
843 2743 923 2797 ebriis
941 2744 1039 2797 diserte
1052 2744 1177 2799 Juvenal.
1192 2745 1226 2798 vi.
1240 2751 1308 2799 304:
1335 2748 1403 2800 Cum

352 2815 454 2868 bibitur
465 2811 576 2878 concha,
591 2831 649 2866 eum
656 2815 720 2882 jam
733 2816 864 2880 vertiqine
880 2821 975 2866 tectum
988 2815 1128 2880 Ambnlnt,
1142 2823 1170 2866 et
1179 2818 1294 2882 yeminis
1307 2835 1402 2870 ensur-

350 2886 394 2952 9it
410 2901 502 2937 mensa
520 2884 644 2937 lucanis.
681 2883 805 2936 Lactant.
823 2883 856 2935 de
873 2882 946 2952 Opil.
960 2882 1014 2936 Dei
1030 2901 1053 2936 c.
1074 2889 1107 2936 9:
1131 2885 1257 2938 Furiosis
1275 2894 1302 2939 et
1319 2888 1403 2941 ebriis

352 2957 443 3010 omnin
456 2956 577 3024 duplicia
590 2956 723 3008 videntur.
762 2952 819 3018 Qui
830 2952 882 3006 hoc
893 2953 964 3005 idem
977 2952 1048 3006 sanis
1060 2960 1088 3006 et
1100 2953 1194 3006 sobriis
1209 2971 1403 3026 nonuunquam

352 3024 472 3078 accidere
489 3041 522 3077 ex
539 3023 619 3077 certis
635 3023 723 3076 causis
735 3023 820 3088 docet,
836 3040 902 3093 quas
918 3039 990 3076 nunc
1004 3039 1059 3075 non
1075 3023 1268 3092 persequimur.
1306 3025 1403 3095 Itaque

352 3094 460 3148 senibus
472 3094 523 3148 hoc
537 3093 634 3148 vitium
650 3093 736 3146 inesse
754 3110 831 3162 posse
849 3099 958 3161 propter
974 3092 1139 3146 debilitatem
1153 3109 1305 3158 nervorum,
1320 3095 1402 3149 dubio

352 3170 433 3228 caret,
449 3163 495 3234 qui
512 3170 602 3216 tamen
618 3163 687 3216 alius
703 3169 824 3215 veterum
841 3161 870 3214 id
885 3162 918 3214 de
936 3161 969 3214 iis
987 3161 1093 3228 dixerit,
1107 3179 1179 3214 nunc
1193 3180 1248 3216 non
1260 3166 1401 3226 succurrit.

302 3253 305 3256 ·
351 3236 484 3285 -149.
505 3233 637 3300 Eripitur
648 3235 706 3285 sine
719 3239 794 3284 nocte
807 3233 873 3294 dies,
888 3231 915 3284 h.
929 3247 952 3284 e.
966 3231 1079 3351 eripitur
1090 3231 1216 3299 interdiu,
1231 3233 1336 3287 etiamsi
1348 3252 1402 3288 nox

350 3300 426 3353 nulla
444 3300 487 3355 sit.
523 3300 641 3354 Doctiss.
661 3299 839 3352 Ommerenus
857 3299 902 3352 hio
922 3298 1002 3368 legen
1020 3317 1067 3353 um
1086 3301 1194 3370 conjicit
1212 3303 1344 3370 Eripitnr
1363 3307 1404 3358 sic

350 3379 425 3424 nocte
438 3371 505 3435 dies,
519 3369 638 3440 adeoque
649 3375 756 3421 noctem
769 3368 866 3438 accipit
881 3385 931 3438 pro
945 3369 1004 3438 ipsa
1020 3369 1135 3440 caligine
1150 3372 1234 3425 oculis
1251 3371 1344 3440 offusa,
1359 3375 1400 3427 id-

386 3510 438 3553 140.
456 3507 519 3554 Siloa
530 3506 586 3566 teyit
598 3504 629 3550 V.
665 3508 717 3552 141.
732 3503 765 3550 At
776 3503 835 3551 velut
848 3502 948 3564 Bipont.
966 3517 1024 3550 cum
1038 3503 1098 3552 aliis.
1123 3506 1228 3553 Etoelut
1242 3506 1273 3555 G.
1296 3509 1402 3555 Acoelnt

351 3569 440 3632 reliqui
452 3569 507 3617 mei.
527 3571 623 3616 inclusis
633 3567 746 3616 nonnulli
761 3584 819 3615 cum
837 3567 893 3627 Bip.
913 3566 955 3615 sed
971 3569 1054 3616 induri
1069 3569 1166 3625 rectius,
1179 3570 1245 3632 quod
1260 3572 1350 3620 habeut
1368 3573 1400 3621 G.

354 3637 385 3681 A.
401 3635 447 3682 Pu.
464 3634 502 3682 Pi.
517 3634 547 3682 O.
566 3641 622 3680 tetro
632 3649 677 3694 pro
689 3649 745 3679 coeco
757 3632 786 3679 L.
805 3635 934 3680 condantur
948 3633 974 3678 in
989 3649 1026 3679 an.
1045 3648 1129 3680 omnes
1144 3633 1254 3694 impressi
1269 3643 1325 3695 post
1343 3636 1400 3684 Asc.

351 3697 394 3745 sed
405 3700 544 3745 abraduntur
555 3697 584 3745 L.
603 3705 627 3744 et
639 3699 777 3744 claudantur
791 3697 821 3744 G.
838 3695 903 3757 quod
916 3695 1016 3758 reliquis
1027 3696 1203 3756 praeferendum
1215 3714 1308 3755 censeo,
1320 3706 1349 3746 ut
1360 3700 1400 3748 hic

351 3777 434 3808 versus
445 3778 502 3809 cum
513 3768 628 3824 sequente
640 3761 734 3806 minore
745 3763 915 3821 conjungatur.
953 3764 1006 3807 142.
1029 3761 1127 3806 Toroum
1141 3763 1216 3808 neseio
1230 3765 1288 3822 quid
1301 3765 1345 3810 hau
1354 3767 1399 3826 fit-

351 3827 409 3872 ridle
422 3825 452 3874 V.
468 3826 499 3873 R.
515 3826 557 3872 Gr.
576 3825 714 3886 senforiala
727 3824 757 3870 G.
784 3821 852 3870 Illud
863 3823 905 3868 heu
911 3824 962 3884 fur.
976 3838 1056 3870 errore
1065 3821 1220 3871 librariorum
1231 3841 1262 3872 ex
1273 3843 1320 3883 eeu,
1332 3828 1399 3889 quod

354 3889 501 3937 Germanica
511 3897 580 3936 vetus
591 3887 701 3944 servavit,
713 3893 795 3934 ortrrm
805 3885 908 3933 videtur.
944 3886 1002 3933 Hoc
1018 3885 1094 3947 igitur
1110 3886 1247 3948 genuinum
1263 3905 1313 3937 esse
1329 3899 1398 3951 puto,

351 3959 376 3998 et
387 3953 465 4000 scribo
479 3955 562 4000 Nescio
573 3971 594 4015 q.
607 3960 622 3999 t.
641 3969 680 3998 ren
685 3952 776 4014 furiale
787 3953 870 3998 uident.
888 3949 994 4012 vulgatae
1006 3952 1095 3996 habent
1106 3952 1241 4011 oelsuriule.
1278 3959 1331 4002 143.
1346 3958 1400 4002 Jdm

347 4032 423 4076 pauor
433 4025 466 4062 est
476 4017 587 4079 plerique
598 4015 681 4076 scripti
692 4023 717 4064 ct
728 4014 819 4062 excusi.
854 4017 907 4063 Jam
920 4017 997 4075 pudor
1013 4022 1046 4061 est
1064 4013 1095 4060 G.
1115 4029 1154 4060 nee
1170 4019 1259 4063 eredere
1271 4026 1348 4078 posset
1365 4019 1394 4065 L.

354 4079 400 4125 Pu.
417 4095 484 4139 posse
498 4081 529 4127 G.
567 4085 620 4127 145.
638 4080 687 4127 Pro
698 4081 774 4140 findit
789 4078 850 4142 legit
866 4080 952 4126 scindit
968 4079 997 4124 L.
1012 4079 1086 4139 finyit
1102 4078 1133 4125 G.
1171 4083 1224 4128 149.
1241 4081 1399 4142 Eripitursic

351 4149 414 4189 nocte
424 4144 473 4188 dies
484 4141 596 4190 emendat
611 4143 647 4190 Cl.
663 4143 833 4190 Ommerenus.
848 4141 895 4190 vid.
909 4149 958 4188 not.
