3228 4982
345 424 388 480 20
661 416 850 480 1101110000
868 413 1077 480 Etruriam

346 568 505 652 gentoraci
526 589 566 631 ex
587 568 711 632 officina
735 568 952 643 Schurcriana,
972 589 1081 630 mense
1097 566 1182 631 Julio
1206 559 1397 651 MDlell.

347 655 380 717 in
396 660 449 717 410
459 659 478 715 ⁷.
511 655 627 718 Denuo
642 655 814 718 secundum
832 655 961 718 Gaurioi
976 653 1190 715 recensionem
1209 653 1398 716 Maximiani

350 738 471 822 Elegiae
495 762 558 802 uno
583 763 655 802 curn
681 741 795 824 Lyrica
821 738 1021 802 cantiuncula
1044 739 1086 800 ad
1110 738 1245 822 Lydiam
1276 761 1399 802 excusae

348 825 495 887 dicuntur
509 837 579 908 post
595 825 767 890 Pindarum
784 824 976 887 Thebanum
999 823 1039 885 de
1056 823 1142 886 bello
1163 823 1302 907 Trojano
1320 824 1399 886 Fani

348 909 469 972 editum
494 933 513 972 a
538 910 565 971 F
566 910 704 973 raucisco
729 910 892 994 Polyardo,
918 908 1003 992 apud
1029 908 1258 992 Hieronymum
1290 909 1399 971 Sanci-
1510 907 1518 922 “

348 1017 435 1069 0010,
452 1000 543 1057 1515.
559 996 592 1057 10
608 1002 676 1059 310.
719 995 844 1068 Quibus
859 994 1020 1057 fraudibus
1037 993 1165 1056 Gaurici
1181 993 1232 1056 hae
1247 992 1399 1056 editiones

349 1090 502 1164 corruptae
518 1081 588 1156 sint,
605 1081 745 1166 superius
755 1081 823 1164 jam
837 1079 1089 1143 memoravimus.
1136 1079 1185 1140 Ex
1205 1101 1243 1140 eo
1257 1089 1399 1163 tempore

349 1188 465 1227 nornen
477 1165 667 1246 Maximiani
682 1166 774 1251 plane
785 1165 944 1250 disparuit,
956 1175 988 1227 et
1003 1164 1035 1225 in
1051 1163 1195 1227 omnibus
1211 1163 1399 1226 editionibus

349 1251 491 1333 regnavit
507 1251 670 1314 Gamelius
687 1251 806 1315 Gallus.
853 1252 907 1315 Ob
925 1250 959 1313 id
980 1250 1082 1333 ipsum
1103 1270 1219 1311 nomen
1235 1260 1400 1332 coeperunt

351 1335 471 1417 Elegiae
487 1336 536 1400 hae
552 1336 697 1419 operibus
714 1335 841 1410 Catulli,
859 1335 932 1398 Tib.
949 1345 981 1397 et
999 1334 1153 1418 Propertii
1168 1333 1306 1417 adjungi,
1325 1334 1400 1419 quia

348 1420 396 1482 his
413 1420 512 1504 poetis
530 1420 623 1483 Corn.
641 1420 753 1485 Gallus
775 1430 868 1485 aetate
890 1443 947 1504 par
970 1419 1038 1495 11111,
1058 1439 1130 1481 cum
1153 1419 1254 1504 iisque
1273 1441 1400 1502 compa-

350 1516 434 1568 ratus
449 1527 468 1568 a
484 1505 707 1578 Quinctiliana
754 1506 862 1569 Prima
879 1505 984 1581 editio,
1001 1527 1073 1590 quae
1090 1500 1325 1568 Maximianum
1340 1505 1400 1567 sub

351 1591 445 1654 Corn.
463 1590 548 1654 Galli
570 1591 697 1654 nomine
720 1591 819 1655 tribus
841 1591 906 1654 istis
921 1590 1020 1675 poetis
1042 1590 1237 1674 adjungeret,
1254 1589 1323 1664 fuit,
1339 1589 1399 1652 nisi

350 1675 448 1750 fallor,
472 1675 658 1740 Basileensis
681 1699 737 1762 per
762 1677 939 1740 Henricum
961 1676 1101 1750 Petrum,
1121 1679 1213 1749 1530,
1234 1681 1303 1738 810.
1327 1696 1400 1759 quae

350 1761 509 1826 inscribit:
536 1765 593 1827 Cn.
606 1764 750 1827 Cornelii
764 1764 868 1837 Galli,
880 1772 989 1848 poelae
1004 1761 1189 1834 clarissimi,
1205 1784 1247 1824 ea
1262 1761 1315 1836 iia,
1328 1784 1400 1844 qaae

352 1849 466 1932 colligi
480 1858 620 1931 potuere
658 1859 838 1933 augmenta.
888 1847 1012 1910 Secutae
1028 1855 1100 1908 sunt
1115 1844 1195 1920 aliae,
1212 1855 1247 1906 ut
1264 1845 1401 1930 Gryphi-

351 1953 420 2006 ana,
446 1936 538 2006 1531,
560 1942 592 1993 et
646 1931 812 2006 asileensis,
833 1936 925 2007 1539,
942 1938 1011 1995 310.
1034 1953 1106 2015 quac
1129 1929 1271 1992 similiter
1293 1929 1400 1992 inscri-

349 2018 439 2081 bunt.
486 2016 596 2079 Plures
614 2017 752 2080 Cornelii
769 2017 854 2081 Galli
869 2017 976 2091 vitam,
992 2033 1011 2078 a
1028 2015 1166 2078 Gaurico
1186 2015 1398 2098 compositam,

350 2102 555 2186 praemittunt,
582 2113 617 2165 ut
638 2102 821 2187 Gryphiana
845 2100 1065 2185 Lugdunensis
1084 2105 1176 2174 1534,
1200 2105 1269 2163 810.
1306 2099 1400 2162 Basil.

354 2192 446 2250 1546.
466 2193 567 2251 12010.
592 2189 705 2251 Venet.
724 2193 816 2251 1549.
832 2195 901 2253 310.
924 2185 1125 2250 Ρ1001101000
1141 2186 1292 2268 Antverp.
1308 2189 1399 2248 1560.

354 2277 456 2335 12100.
482 2273 600 2357 Gryph.
620 2277 712 2335 1561.
731 2278 833 2336 12100.
858 2273 953 2336 Basil.
973 2277 1064 2334 1569.
1081 2277 1149 2334 810.
1175 2272 1258 2334 Cum
1274 2270 1400 2332 interim

351 2357 434 2420 fraus
454 2357 487 2419 in
507 2357 584 2420 falso
601 2358 694 2420 Corn.
712 2357 798 2420 Galli
822 2358 949 2421 0010100
973 2356 1140 2443 praeposito
1157 2356 1256 2438 magis
1277 2355 1402 2418 detecta

351 2444 392 2505 ab
419 2442 547 2505 eruditis
571 2452 660 2517 esset,
686 2443 783 2526 coepit
808 2442 996 2506 Maximiani
1020 2463 1136 2504 nomen
1160 2441 1193 2502 in
1219 2440 1401 2523 Elegiarum

351 2528 453 2591 fronte
469 2528 614 2604 revocari,
631 2539 685 2590 aut
700 2538 784 2590 certe
800 2527 929 2613 adjungi
941 2527 1043 2591 Gallo.
1076 2526 1116 2588 Id
1130 2526 1267 2611 primurn
1283 2526 1401 2588 1001010

352 2624 443 2677 esta
466 2614 633 2677 Theodoro
659 2613 846 2689 Pulmann0‚
872 2613 983 2699 quiin
1010 2612 1146 2675 editione
1173 2611 1299 2686 Catulli,
1326 2611 1401 2674 Tib.

355 2700 447 2783 Prop.
472 2699 655 2784 Antverpiae
682 2704 774 2774 1569,
803 2704 905 2774 12100,
931 2721 1003 2785 quae
1027 2697 1160 2780 repetita
1184 2708 1230 2759 est
1250 2697 1401 2779 Lugduni

352 2785 437 2869 apud
461 2784 579 2846 Antan.
603 2783 780 2868 Gryphium
806 2788 898 2858 1573,
920 2781 1139 2882 praefationem
1163 2781 1213 2844 vel
1238 2781 1401 2878 epistolam

352 2871 394 2933 ad
415 2869 564 2932 lectorem
582 2868 667 2932 Galli
690 2868 797 2952 elegiis
818 2868 978 2954 praemrsit,
995 2889 1058 2952 qua
1077 2865 1265 2929 Maximianr
1285 2865 1401 2930 librum

352 2955 429 3019 falso
452 2954 603 3019 hactenus
625 2956 684 3019 Cn.
702 2955 848 3019 Cornelio
865 2954 959 3018 Gallo
978 2952 1161 3037 inscriptum
1185 2951 1344 3027 admonet,
1370 2963 1402 3014 01

352 3041 480 3105 titulum
502 3041 587 3105 hunc
608 3041 760 3126 praefigit:
784 3043 987 3106 Maximiani
1003 3041 1095 3115 liber,
1112 3041 1168 3124 qai
1180 3039 1277 3123 falco
1292 3040 1401 3102 hacle-

352 3152 412 3191 aaa
434 3130 493 3191 aab
515 3130 640 3191 nomiae
658 3129 716 3191 Ca.
737 3128 880 3192 Cornelii
900 3127 994 3189 Galli
1009 3127 1116 3188 editae
1136 3135 1194 3187 eat.
1242 3122 1295 3184 Ad
1316 3123 1402 3206 prin-

353 3211 469 3295 cipium
493 3232 618 3295 quoque
638 3209 671 3270 in
695 3210 836 3292 margine
863 3219 967 3272 notat:
1001 3207 1124 3270 Veteris
1148 3207 1219 3270 libri
1243 3207 1402 3291 inscriptio

352 3297 555 3378 Maaimiaai
578 3297 670 3371 liber,
688 3302 720 3357 01
741 3316 832 3378 porro
848 3293 958 3357 Varias
981 3291 1129 3355 lectiones
1144 3315 1162 3355 e
1178 3293 1276 3355 veteri
1295 3293 1402 3355 codice

352 3379 520 3464 descriptas
535 3377 672 3464 apponit,
688 3389 757 3443 tum
773 3379 867 3442 011010
886 3378 998 3461 Elegia
1011 3378 1051 3453 iv,
1067 3382 1120 3453 25,
1137 3377 1300 3453 distichon,
1316 3378 1402 3462 quod

354 3464 544 3530 Maximiani
564 3487 680 3529 nornen
705 3465 853 3541 00011001,
875 3474 907 3527 01
929 3487 949 3527 0
964 3463 1101 3528 Gaurico
1124 3464 1260 3547 ejectum
1284 3474 1359 3538 erat,
1384 3485 1404 3526 e

350 3551 562 3636 manuscripto
584 3550 727 3615 restituit.
775 3550 899 3614 Primus
921 3549 1017 3634 igitur
1038 3548 1098 3612 1011
1121 3548 1326 3623 Ρ11110000111,
1347 3547 1402 3632 qui

351 3637 489 3724 aliquam
505 3659 612 3701 curam
628 3637 818 3701 recensendo
840 3648 873 3700 et
894 3636 1090 3700 resarciendo
1112 3644 1198 3697 texto
1215 3632 1402 3697 Maximiani

352 3724 495 3787 adhibuit
504 3725 523 3784 ⁸.
571 3722 635 3784 Sed
658 3723 756 3785 secuti
780 3744 854 3785 eum
879 3730 952 3784 sunt
975 3720 1077 3804 pauci.
1124 3719 1236 3780 Petrus
1258 3718 1402 3782 Pithoeus

386 3923 397 3963 ⁷
410 3921 472 3977 vid.
487 3919 633 3986 Maittaire‚
649 3919 720 3973 Ann.
736 3919 854 3989 Typogr.
927 3923 937 3954 ⁸
949 3911 1040 3972 Editio
1055 3916 1164 3982 Catulli,
1177 3915 1237 3970 Tib.
1248 3917 1327 3985 Prop.
1339 3931 1401 3968 cum

350 3994 556 4060 1010110262.
578 3989 855 4058 Catalogusbiblioth.
893 3985 1401 4053 001.(10110,Ρο110100111,1743,12100.

351 4063 506 4118 Roloffianae
519 4061 549 4113 P.
564 4059 586 4112 Ι.
600 4077 626 4128 p.
641 4064 698 4113 122.
712 4077 738 4114 n.
753 4065 812 4113 967.
893 4076 954 4128 qua,
969 4063 1000 4110 ut
1019 4057 1105 4110 editor
1123 4055 1151 4108 in
1168 4055 1270 4125 praefat.
1290 4055 1399 4125 profite-

1562 469 1606 540 ’1
