3228 4982
640 374 853 441 Maxumum.
1230 381 1268 442 19

222 526 464 610 Subjunguntur
482 529 513 608 1)
536 526 740 612 Epitaphium
761 527 883 590 Nicolai
906 526 1002 611 Papae
1023 526 1063 588 V.
1084 549 1104 591 a
1126 525 1268 611 Mapheo

219 612 320 694 Vegio
346 623 440 696 poeta
463 613 623 676 Laudensi
651 613 788 676 editum:
833 615 869 694 2)
898 612 993 696 Epita
1015 611 1103 675 bium
1130 613 1266 696 Eugenii

220 696 317 781 Papae
328 698 385 759 IV.
428 700 462 780 3)
479 699 683 782 Epitaphium
700 697 864 760 Laurentii
879 698 918 760 de
936 635 1038 773 Vatia,
1053 708 1156 781 poetae
1171 709 1266 784 atque

216 783 345 845 oratoris
374 781 585 846 famosissimi:
631 786 665 864 4)
685 783 889 867 Epitaphium
915 783 1020 847 Ovidii
1049 793 1172 867 poetae:
1202 785 1267 848 Ille

217 891 290 953 ego,
309 869 518 953 qaisneram,
535 879 594 933 ete.
631 871 666 949 5)
686 867 890 952 Epigramma
905 867 1089 931 ridiculum:
1113 870 1266 932 Devorat

217 954 400 1038 agricolam
421 977 492 1028 rea,
516 964 576 1018 etc.
624 953 745 1017 Praeter
766 953 822 1016 has
843 953 921 1016 duas
947 951 1135 1016 Maximiani
1155 949 1265 1015 editio-

216 1057 271 1098 nes
286 1036 391 1100 nescio
413 1059 454 1100 an
476 1037 538 1109 alia
558 1037 672 1102 saeculo
688 1061 736 1100 xv.
751 1048 886 1100 exeunte
901 1037 1059 1122 prodierit.
1099 1037 1183 1100 Nam
1205 1035 1265 1100 ini-

215 1120 259 1182 tio
287 1121 392 1185 statim
418 1123 525 1186 saeculi
553 1122 711 1209 sequentis
733 1132 840 1186 secuta
861 1134 908 1186 est
934 1122 1099 1206 Pomponii
1124 1121 1264 1197 Gaurici,

217 1205 427 1290 Neapolitani,
450 1219 594 1292 corrupta
608 1218 641 1272 et
657 1209 750 1272 Corn.
768 1207 862 1272 Gallo
882 1207 1040 1293 supposita
1054 1207 1159 1282 editio,
1176 1208 1264 1291 eujus

214 1290 324 1354 titulus
347 1293 572 1376 perscribatur:
603 1295 747 1360 Cornelii
766 1295 860 1357 Galli
872 1295 1080 1378 fragmenta,
1098 1316 1163 1378 per
1178 1295 1264 1356 Ber-

214 1380 384 1446 nardinam
412 1379 561 1443 Venetam
585 1381 625 1442 de
657 1380 826 1443 Vitalibas.
874 1379 1266 1442 rememorarem

214 1462 381 1526 Janaarii.
429 1461 511 1528 Haec
526 1462 631 1538 editio,
648 1485 719 1548 quae
735 1460 889 1526 rarissima
909 1471 964 1536 est,
982 1461 1120 1526 Lutetiae
1139 1461 1173 1523 in
1193 1461 1263 1545 plu·

214 1546 272 1608 teis
296 1547 387 1629 regiis
409 1559 557 1624 servatur,
574 1548 752 1634 exstititque
767 1548 801 1610 in
820 1547 1011 1611 bibliotheca
1027 1547 1210 1622 Heinsiana,
1227 1558 1263 1610 ut

213 1630 328 1714 legitur
351 1632 383 1694 in
408 1633 476 1717 ejus
500 1633 584 1697 Part.
603 1631 634 1695 ii.
661 1656 691 1718 p.
708 1638 759 1697 75.
805 1632 945 1696 Alterius
969 1631 1112 1695 editionis
1129 1633 1263 1696 Venetae

211 1717 288 1779 enni
306 1722 389 1781 1503
411 1719 571 1802 exemplar
586 1741 658 1782 cum
679 1718 837 1782 codicibus
855 1716 970 1801 Msptis
989 1717 1138 1780 collatum
1153 1739 1262 1778 recen·

211 1812 260 1884 set
286 1802 414 1866 Paullus
443 1803 645 1878 ColomesiuS,
672 1804 815 1887 Operum
843 1825 874 1887 p.
895 1806 968 1866 891.
993 1801 1074 1864 inter
1099 1801 1193 1864 libros
1220 1801 1261 1864 Is·

213 1885 325 1962 Vossii,
353 1887 408 1974 qui
436 1899 544 1972 postea
569 1889 758 1952 transierunt
786 1887 820 1949 in
849 1887 1008 1972 publicam
1037 1886 1261 1950 bibliothecam

213 1971 456 2055 Leidensem⁶).
502 1974 630 2036 Gaurici
653 1973 823 2036 editionem
845 1972 940 2070 plane
963 1972 1112 2056 expressit
1132 1981 1164 2034 et
1188 1993 1261 2035 cum

212 2058 358 2122 omnibus
380 2058 512 2122 annexis
536 2059 669 2144 repetiit,
691 2081 763 2157 quae
781 2057 906 2121 Parisiis
928 2057 1040 2120 eodem
1063 2079 1145 2120 anno
1168 2061 1261 2119 1503.

212 2164 252 2204 ex
267 2143 390 2207 officina
402 2144 596 2207 Ascensiana
610 2144 725 2228 prodiit
740 2143 772 2205 in
788 2149 852 2205 4to.
890 2142 1017 2206 Titulus
1032 2152 1096 2205 est:
1117 2142 1262 2206 Cornelii

216 2229 320 2303 Galli,
330 2240 441 2314 poeta
455 2231 724 2306 memoratissimi,
747 2253 820 2314 qace
835 2230 986 2314 recolligi
1003 2239 1142 2312 potuere
1154 2229 1260 2313 frag-

211 2323 339 2378 menta:
370 2315 574 2379 Ascensiana
590 2317 799 2380 accuratione
815 2337 851 2378 re
865 2315 1036 2398 impressa.
1073 2313 1261 2377 Venanrlan-

211 2407 264 2461 tar
279 2399 464 2463 Parrlisiis
479 2401 513 2464 in
526 2403 596 2464 uico
615 2402 721 2464 sancti
736 2399 868 2475 Jacobi,
885 2400 944 2462 sab
959 2400 1069 2462 Leone
1092 2407 1258 2483 argenteo.

213 2482 252 2543 ln
278 2483 341 2546 fine
364 2483 495 2566 legitur:
530 2487 727 2570 Impressam
747 2484 892 2548 Parisiis
913 2483 1122 2547 accuratione
1136 2481 1259 2544 Ascen-

210 2570 317 2632 siana.
355 2570 450 2634 Anno
475 2571 610 2634 Domini
635 2569 909 2633 MCCCCCIII.
946 2569 1016 2632 Die
1043 2567 1142 2630 XXI.
1161 2566 1257 2629 Jalii.

212 2649 374 2716 Memorat
402 2675 472 2716 eam
501 2652 668 2736 Catalogus
697 2650 898 2716 bibliothecae
923 2650 1059 2735 publicae
1087 2649 1259 2732 Lugduno-

213 2736 351 2814 Batavos,
367 2761 398 2823 p.
416 2744 498 2801 250:
522 2749 623 2802 servat
641 2739 735 2802 etiam
751 2737 943 2802 bibliotheca
958 2735 1141 2800 Academiae
1158 2736 1259 2799 Geor-

209 2822 270 2904 giae
287 2823 450 2907 Augustae,
467 2824 551 2887 unde
568 2846 640 2886 cum
655 2823 723 2887 aliis
743 2823 884 2908 pluribus
901 2821 1092 2886 Maximiani
1107 2820 1259 2904 exemplis

209 2908 445 2972 notabilioribus
459 2908 611 2972 benevole
627 2909 696 2971 usui
715 2930 788 2970 meo
803 2929 981 2971 concessam
995 2906 1101 2969 habui.
1148 2905 1259 2968 Fabri-

210 2992 275 3056 cius
297 2993 455 3076 ignorasse
469 2993 602 3068 videtur,
617 2993 677 3056 nisi
699 2992 825 3055 sonasse
841 3013 880 3055 ea
894 3001 950 3066 est,
966 3013 1062 3076 quam
1084 2989 1168 3053 Bibl.
1186 2989 1257 3053 Lat.

209 3078 269 3141 vol.
285 3078 316 3141 ii.
331 3102 361 3163 p.
371 3085 445 3144 348.
462 3079 538 3143 dicit
555 3078 679 3142 Parisiis
698 3082 790 3152 1523,
803 3081 866 3152 4to,
879 3076 1038 3161 prodiisse,
1051 3089 1187 3138 annaeo
1201 3097 1258 3160 per

209 3183 345 3227 errorem
367 3163 625 3263 typographicam
647 3163 747 3248 posito
769 3184 824 3247 pro
843 3167 935 3226 1503.
983 3161 1099 3224 Similis
1114 3160 1258 3246 repetitio

211 3249 410 3315 Gauricianae
434 3249 578 3314 editlonis
602 3259 658 3324 est,
674 3271 747 3334 quae
770 3248 875 3332 paullo
898 3257 968 3332 post
988 3247 1200 3330 Argentorati,
1224 3246 1257 3308 in

209 3334 391 3398 collectione
406 3335 562 3399 variorum
577 3344 758 3420 poematum
779 3334 931 3419 apparuit,
948 3333 1036 3417 eujus
1055 3332 1125 3397 haec
1142 3342 1190 3396 est
1208 3331 1257 3394 in·

209 3419 351 3504 scriptio:
375 3424 416 3485 P.
435 3423 594 3507 Gregorii
616 3422 774 3505 Tipherni
783 3430 894 3505 poeta
910 3419 1048 3484 illustris
1067 3419 1256 3504 Opascala:

208 3507 382 3573 Francisci
400 3506 531 3570 Octauii
546 3507 678 3590 Elegiae
693 3515 725 3568 et
737 3505 900 3589 Epistola
916 3526 1058 3568 amoram
1068 3529 1079 3566 .·
1102 3503 1256 3586 Srrlpritiae

212 3591 368 3654 Carmina
390 3591 501 3654 LXX.
525 3591 610 3675 (qaae
622 3591 697 3674 fait
712 3590 897 3653 Domitiani
920 3587 1128 3672 temporibus)
1153 3609 1257 3670 nuper

213 3676 355 3762 Georgii
377 3676 519 3740 Meralae
543 3698 644 3760 opera
668 3677 701 3738 in
726 3675 826 3738 lacem
851 3675 963 3738 edita:
998 3671 1141 3736 Cornelii
1161 3671 1244 3734 Gall

201 3770 312 3845 pectre
334 3770 400 3824 tam
420 3761 605 3834 clarissimi,
629 3771 693 3823 tam
712 3760 918 3823 vetustissimi
934 3759 1129 3843 Elegiaram
1145 3757 1256 3841 Frag-

207 3856 335 3909 menta:
354 3845 538 3930 ¹Pomponii
558 3845 699 3910 Gaurici
718 3845 936 3928 Neapolitani
952 3844 1147 3927 Elegiacon.
1194 3841 1256 3902 Ar-

404 4027 495 4081 ‘Haee
509 4025 683 4092 Fontaninus‚
696 4025 850 4156 Hist2Litt.
865 4026 956 4096 Aquil.
970 4043 996 4094 p.
1011 4029 1053 4077 42.

729 4116 747 4157 C
