3228 4982
356 483 417 544 100
625 478 732 542 Nora
747 498 790 542 ar
806 477 928 540 Vanus
945 476 1139 542 Lscmouss

353 629 414 668 me:
446 613 558 669 Ventris
580 623 642 668 erat
659 632 716 683 pro
735 623 826 668 ventre
848 615 939 668 Iocus:
962 616 1210 683 poadereputares
1223 617 1408 672 Pectus-

352 689 396 738 30.
417 685 475 738 Sub
492 683 623 738 cabareto
638 693 750 753 pectore
766 687 872 753 piaque
884 681 1004 755 fimum]
1047 683 1153 738 Imitari
1168 684 1241 738 haud
1257 687 1338 740 dubie
1356 705 1405 741 vo·

352 753 404 807 luit
422 753 559 821 Ovidium,
598 755 627 807 ui
646 753 708 808 Am.
727 755 747 810 i.
767 761 793 821 5,
812 759 864 808 21:
900 755 990 818 Quam
1007 756 1143 823 caetiyoto
1154 757 1258 824 planus
1274 759 1323 810 rub
1335 775 1404 826 pec-

352 833 410 878 tore
430 825 542 878 vento!
575 772 712 888 duonum
735 833 762 878 et
779 827 859 894 quola
879 826 960 889 latus,
981 843 1063 894 quom
1072 827 1196 894 juvenile
1206 829 1321 897 femur!
1351 827 1406 882 Sed

353 893 450 948 Ovidio
461 897 625 963 caelipetam
643 902 737 963 pectus
750 902 791 948 est
807 895 994 963 compressius,
1010 895 1138 961 strictius,
1154 896 1337 951 Maximianus
1356 916 1404 950 aa·

351 963 477 1018 baurtrou
496 964 570 1030 dicit,
609 965 663 1018 uod
680 974 821 1034 perperam
842 964 945 1034 accepit
963 964 991 1018 J.
1006 964 1040 1020 G.
1056 965 1178 1034 Scaliger
1198 967 1227 1019 in
1247 967 1404 1036 Hypercrit.

352 1051 383 1087 ca
404 1077 410 1089 .
429 1034 474 1088 rii.
494 1041 583 1088 totum
620 1053 673 1088 unc
692 1052 798 1088 versum
817 1035 1028 1103 reprehendens:
1048 1037 1113 1089 Noa
1131 1044 1180 1101 ert,
1200 1036 1297 1106 iuquit,
1308 1039 1406 1108 semar

351 1052 526 1173 alpectore
536 1128 546 1165 ,·
565 1123 649 1174 nequa
665 1115 760 1174 pectus
778 1104 938 1158 exhaustum
954 1106 1126 1172 probaveris,
1142 1111 1224 1174 quusi
1237 1106 1371 1174 plrtbob'l
1391 1139 1403 1151 ·

352 1175 435 1230 barat.
475 1174 528 1230 Sed
547 1175 707 1229 exhaustum
726 1175 893 1228 Maximiano
911 1192 969 1228 esse
987 1174 1093 1227 videtur
1110 1175 1227 1240 finitum,
1242 1186 1402 1244 extremum,

352 1245 484 1312 desinens,
505 1253 536 1299 ut
554 1246 687 1300 exhausta
701 1247 828 1314 pericula
846 1245 864 1298 i.
878 1263 901 1297 e.
921 1245 1006 1311 finita,
1028 1245 1107 1298 Maro
1125 1252 1153 1298 et
1166 1245 1280 1300 Ovidius
1298 1247 1402 1315 dicunt,

352 1314 481 1369 exhausti
489 1318 553 1386 sati
565 1325 687 1384 temporo
708 1316 811 1370 Statius
826 1315 890 1369 silv.
904 1314 944 1371 iii.
959 1319 985 1381 5,
1000 1320 1043 1381 40,
1064 1315 1082 1368 i.
1096 1333 1120 1369 e.
1139 1315 1201 1368 vitae
1220 1334 1296 1385 paene
1308 1317 1402 1373 finite.

351 1385 429 1439 Idem
442 1386 527 1441 Theb.
541 1386 569 1439 ii.
582 1391 632 1440 87:
654 1387 719 1439 Illic
736 1385 863 1439 exhausti
875 1404 993 1454 posuere
1012 1386 1113 1438 cubilia
1125 1389 1206 1452 abab,
1226 1387 1245 1440 i.
1260 1405 1283 1440 e.
1303 1387 1405 1457 spirare

350 1455 510 1510 desinentes.
549 1457 650 1509 Femur
662 1455 763 1524 pectori
777 1456 907 1523 subjicere
920 1463 1014 1509 auctor
1025 1456 1132 1508 videtur
1146 1462 1253 1508 tantum
1265 1474 1298 1510 ex
1311 1457 1402 1510 imita·

351 1525 423 1578 tione
437 1525 577 1592 Ovidium,
588 1533 615 1579 et
627 1525 690 1596 quia
702 1526 803 1579 ventris
812 1527 869 1594 jam
881 1525 1046 1578 mentionem
1055 1525 1281 1580 fecerat-4³1.
1297 1528 1405 1581 Urebar

350 1597 530 1664 adstrinqere,
542 1595 561 1649 i.
575 1614 598 1649 e.
612 1597 735 1650 ardenter
747 1596 888 1664 cupiebam
900 1595 1075 1664 adstringere.
1106 1595 1151 1648 Sic
1165 1595 1294 1666 Calpum.
1309 1615 1335 1651 x.
1349 1604 1401 1652 56:

350 1675 498 1734 raptantur
510 1675 632 1720 amanter
645 1667 793 1720 Concubitu
805 1668 904 1735 Satyri
907 1667 1049 1736 fuqieates
1052 1667 1171 1734 juoyere
1180 1667 1335 1735 Nymphas,
1349 1667 1368 1722 i.
1378 1686 1402 1723 e.

350 1744 488 1790 currentes
505 1745 650 1807 properant
667 1738 908 1806 jungere—34.
930 1737 995 1791 Nou
1017 1737 1135 1790 tolerant
1151 1735 1276 1805 pondus]
1303 1737 1402 1792 Horat.

352 1807 444 1862 Carm.
458 1807 487 1861 ii.
504 1814 531 1873 5,
546 1813 580 1860 4:
600 1825 653 1861 non
671 1811 746 1861 tauri
764 1810 866 1860 ruentis
886 1809 914 1859 iu
933 1808 1062 1860 Venerem
1080 1807 1198 1860 tolerare
1212 1809 1404 1874 pondus.—

350 1882 394 1930 ³5.
408 1880 504 1946 Diriq.
519 1895 563 1946 qu.
571 1879 599 1947 fl
617 1879 767 1931 colorasse
780 1874 916 1946 reliquit]
954 1876 1056 1931 Versus
1069 1875 1124 1930 fere
1137 1883 1211 1930 totus
1223 1877 1400 1946 virgilianus,

351 1946 415 2000 AEn.
430 1947 469 2003 iii.
483 1953 551 2002 308:
572 1950 692 2016 Diripui
703 1951 762 2002 airu
775 1951 803 2000 io
821 1950 929 2001 medio:
947 1948 1024 2001 calor
1042 1965 1105 2000 ossa
1123 1948 1243 2014 reliquit.
1282 1947 1403 2002 Imitatio

351 2017 503 2086 virgiliana
520 2018 593 2084 facit,
608 2026 639 2071 ut
656 2019 725 2071 hanc
743 2017 887 2071 lectionem
904 2016 1044 2086 praeferam
1057 2017 1144 2083 alteri,
1159 2034 1239 2087 quam
1252 2019 1335 2088 mspti
1352 2018 1401 2071 ha-

349 2088 432 2141 bent:
452 2090 530 2142 calor·
547 2090 593 2142 ille
611 2091 730 2154 recessit,
764 2105 859 2158 uaeque
876 2087 966 2140 forsan
985 2104 1018 2140 ex
1036 2105 1116 2140 versu
1129 2092 1172 2141 49.
1186 2087 1239 2140 huc
1255 2089 1340 2142 relata
1352 2095 1403 2144 est.

350 2163 466 2212 -aa
489 2160 567 2212 Veaoe
579 2177 663 2212 causa
678 2105 763 2227 puell
783 2177 877 2224 causa,
898 2175 976 2223 noxa,
996 2157 1102 2222 vitium,
1123 2157 1246 2226 languor.
1267 2177 1335 2212 oona
1353 2177 1403 2228 pro

349 2227 471 2297 inguine,
487 2230 557 2299 quod
570 2229 686 2298 intelligi
698 2247 731 2282 ex
743 2229 794 2281 hoc
806 2228 957 2281 Horatiano
969 2234 1066 2297 potest,
1083 2227 1169 2281 Serm.
1182 2228 1200 2280 i.
1215 2233 1241 2294 2,
1256 2233 1306 2281 33:
1327 2229 1403 2283 Nom

349 2299 432 2351 simul
442 2307 473 2351 ut
490 2317 571 2352 uenas
590 2301 700 2370 inflavit
711 2308 781 2352 tetro
800 2301 893 2353 libido.
933 2298 986 2352 Sed
1004 2297 1073 2351 conf.
1093 2298 1122 2350 in
1140 2297 1233 2367 primis
1246 2297 1353 2352 Persius
1366 2301 1401 2354 vi.

351 2373 393 2421 72.
413 2368 533 2422 Martial.
547 2369 581 2422 vi.
596 2373 639 2433 49,
654 2375 679 2422 2.
699 2369 735 2422 xi.
752 2372 792 2432 16,
807 2374 949 2422 5.-37.
969 2370 1034 2422 Noa
1052 2370 1097 2422 loc
1110 2371 1151 2421 sic
1163 2377 1215 2422 tea.
1227 2387 1318 2437 parm.
1335 2387 1401 2424 ooa-

348 2439 415 2506 yulo
428 2434 501 2505 red]
540 2437 619 2492 Ovid.
633 2438 706 2492 Fast.
721 2438 756 2490 iv.
771 2443 839 2492 545:
861 2440 1011 2508 liquefacta
1024 2439 1140 2506 caupula
1153 2440 1231 2492 lactc.
1270 2438 1401 2509 Languo-

349 2525 407 2561 rem
425 2516 453 2562 et
470 2509 594 2562 inertiam
612 2527 694 2572 rena,
709 2526 790 2580 qnam
808 2517 935 2577 expertus
953 2515 1002 2574 est,
1017 2515 1154 2576 comparat
1172 2526 1235 2561 eum
1248 2509 1325 2562 laetis
1338 2527 1400 2563 eoa·

349 2578 425 2647 gulo,
439 2585 467 2632 et
485 2597 580 2648 spuma
594 2579 715 2650 liquoris,
730 2597 790 2650 quae
803 2589 867 2632 sunt
882 2579 1013 2632 sollennia
1024 2579 1145 2632 mollitiae
1158 2585 1186 2632 et
1198 2578 1319 2632 levitatis
1327 2597 1400 2649 sym-

349 2648 420 2704 bola.
441 2650 520 2703 Ovid.
535 2649 603 2703 Met.
617 2650 673 2703 xiii.
688 2656 755 2704 796:
775 2651 893 2703 Mollior
911 2658 937 2702 et
954 2648 1150 2718 oycaiplumr's,
1166 2658 1193 2702 et
1211 2651 1281 2703 lacte
1299 2659 1401 2705 coacto.

352 2717 459 2773 Colum.
473 2737 499 2772 x.
514 2726 582 2774 397:
603 2722 720 2774 Mollior
732 2721 822 2790 iujireo
834 2718 953 2773 calathis
965 2722 1043 2773 modo
1056 2721 1126 2773 lacte
1141 2721 1241 2787 pelato.
1280 2719 1400 2776 Martial.

350 2789 405 2843 viii.
428 2795 473 2854 64,
497 2795 529 2843 8:
563 2792 664 2844 Vincas
687 2791 799 2844 mollitie
823 2799 949 2842 tremente
962 2791 1083 2858 plumas,
1109 2790 1169 2842 Aut
1186 2808 1304 2844 massam
1323 2793 1402 2845 modo

350 2859 431 2912 lactis
452 2861 570 2928 olliqoti.
617 2859 754 2914 Caeterum
773 2877 827 2913 non
852 2860 909 2913 sina
930 2859 1049 2929 nequitia
1074 2859 1204 2929 delegisse
1225 2860 1283 2914 haec
1305 2860 1403 2914 similia

349 2929 458 2983 videtur
474 2936 568 2983 auctor
585 2930 655 2983 male
669 2932 903 2998 jocosus-41.
923 2931 990 2992 Qua
1008 2931 1119 3000 defensa
1137 2926 1271 2997 scaete]
1301 2930 1402 2985 Sensus

350 3007 409 3053 est:
431 2998 501 3053 Tota
513 3001 595 3068 Cl‘roja
606 3009 732 3070 superata
744 3007 793 3066 est,
808 3017 970 3070 quamquam
982 3000 1164 3053 firmissimum
1182 3000 1335 3070 praesidium
1350 3001 1400 3054 ha-

349 3069 410 3124 buit
427 3070 455 3123 in
469 3070 587 3124 Hectore
600 3089 657 3137 suo,
672 3071 719 3142 qui
735 3088 794 3124 eam
812 3071 859 3124 diu
875 3070 1010 3136 defendit;
1031 3071 1118 3123 multo
1130 3071 1216 3140 magis
1229 3071 1314 3139 igitur
1331 3089 1402 3124 nnus

350 3157 441 3208 sonu,
456 3142 503 3212 qui
515 3159 566 3211 ego
578 3158 648 3208 sum,
662 3141 756 3195 fraude
768 3141 956 3194 circumveniri
968 3148 995 3194 et
1007 3141 1128 3211 superari
1140 3140 1236 3211 potuit.
1273 3140 1317 3195 De
1326 3140 1400 3194 Hec-

381 3305 420 3348 ³1.
448 3300 534 3346 Urebor
549 3307 635 3346 tenerer
654 3298 684 3345 B.
706 3297 745 3345 Pi.
768 3298 799 3346 0.
822 3299 858 3345 H.
876 3299 932 3358 Bip.
976 3301 1086 3346 Terrebar
1104 3300 1134 3347 L.
1160 3300 1191 3348 G.
1235 3301 1350 3347 Terrebant
1368 3299 1401 3347 R.

350 3364 478 3412 Horrebam
493 3369 537 3409 tera
559 3362 589 3408 V.
606 3363 649 3409 Gr.
697 3367 736 3410 83.
762 3363 899 3418 mamaeam,
914 3364 1010 3409 nimium
1026 3379 1067 3410 me.
1090 3363 1129 3410 Pi.
1150 3365 1217 3411 Han.
1239 3364 1320 3411 Amst.
1343 3363 1401 3424 Bip.

354 3426 561 3476 armonian.
579 3426 610 3474 0.
630 3426 742 3473 clamabat
752 3433 793 3472 tuo
804 3426 973 3488 suat,quoevel
986 3443 1019 3474 me
1030 3429 1062 3475 br.
1075 3429 1089 3474 l.
1104 3429 1135 3474 V.
1154 3428 1196 3476 Gr.
1214 3427 1243 3475 P.
1261 3430 1402 3475 mabracbr'a

347 3494 362 3540 l
381 3492 412 3540 G.
439 3493 550 3539 clamabat
566 3499 607 3538 tua
623 3508 657 3538 me
673 3507 734 3538 uuae
750 3492 844 3538 Maelio
855 3493 942 3539 ludunt
961 3492 992 3538 R.
1009 3491 1039 3539 L.
1069 3493 1181 3540 marabot
1196 3492 1330 3555 legendum
1341 3508 1401 3548 esse,

348 3555 423 3606 etiam
435 3555 549 3604 viderunt
561 3555 694 3603 Witholius
706 3563 731 3604 et
744 3556 916 3604 Ommerenus.
963 3561 1003 3604 al.
1026 3558 1081 3604 Nou
1097 3559 1196 3604 tolerant
1210 3558 1239 3604 P.
1258 3557 1289 3605 G.
1304 3559 1402 3605 membr-a

347 3639 415 3669 suurn
428 3621 456 3669 P.
504 3625 543 3670 35.
569 3623 638 3670 Calor
647 3637 699 3668 orsa
709 3623 802 3683 reliquit
812 3621 919 3683 vulgata
930 3628 985 3682 post
997 3621 1099 3669 'Ascens
1114 3628 1139 3668 at
1150 3621 1225 3682 mspti
1236 3637 1294 3669 cum
1305 3629 1402 3669 vetusta

352 3687 436 3734 Germ.
460 3687 569 3733 colorille
582 3688 679 3732 recessit.
709 3685 735 3732 in
751 3685 790 3732 his
806 3688 865 3733 color
881 3688 971 3733 habent
986 3687 1017 3733 R.
1029 3693 1054 3732 et
1069 3687 1099 3733 G.
1146 3691 1186 3734 36.
1208 3688 1355 3734 Eidotoest
1368 3686 1400 3735 R.

348 3753 418 3798 rania
435 3767 505 3797 roura
522 3765 606 3796 omnes
616 3750 723 3811 vulgatae
733 3756 789 3810 post
802 3749 902 3798 Ascens.
929 3749 1043 3797 sedeam
1053 3765 1139 3797 omnes
1149 3750 1225 3809 mspti
1236 3767 1293 3797 oum
1304 3758 1402 3799 vetusta

351 3813 435 3862 Germ.
482 3817 521 3863 37.
541 3816 595 3862 Noa
611 3816 645 3861 rio
657 3815 692 3860 lac
703 3821 802 3860 aeneum
816 3813 846 3860 B.
864 3813 902 3862 Pi.
917 3815 948 3862 Ο.
964 3821 988 3861 et
1000 3813 1060 3861 alirn.
1087 3817 1142 3862 Noa
1158 3816 1194 3861 loc
1210 3817 1300 3862 risten.
1317 3814 1349 3862 R.
1365 3815 1397 3863 G.

350 3879 400 3926 Nec
416 3881 451 3925 lac
468 3880 502 3925 ric
515 3878 544 3926 L.
576 3879 611 3925 Et
626 3880 662 3924 lac
678 3879 712 3925 rio
726 3878 754 3924 P.
785 3879 907 3926 commista
923 3894 985 3940 coco.
1002 3879 1033 3926 V.
1051 3879 1095 3926 Gr.
1139 3883 1178 3926 38.
1200 3881 1256 3926 Noa
1266 3881 1352 3941 liquidi
1365 3880 1397 3928 G.

347 3944 419 3989 mellis
429 3959 511 4004 spuma
521 3941 635 4004 vulgares
651 3941 708 3989 edit.
721 3957 812 3989 omnes.
840 3945 913 3990 mollis
928 3959 1010 4004 spuma
1023 3943 1066 3990 Gr.
1080 3943 1110 3990 L.
1124 3943 1154 3990 G.
1170 3943 1238 4004 quod
1248 3942 1339 3990 rectius
1355 3951 1401 3992 est.

347 4022 397 4054 non
408 4005 475 4053 enim
483 4005 514 4054 de
525 4006 597 4054 melle
606 4021 686 4054 sermo
697 4012 740 4063 est,
753 4005 795 4053 sed
806 4005 837 4054 de
845 4007 952 4067 cujusvis
963 4006 1067 4068 liquoris
1075 4006 1145 4054 molli
1153 4022 1248 4066 spuma.
1284 4011 1324 4056 39.
1344 4009 1400 4055 Sue-

347 4073 496 4131 cubuiyratoe
507 4073 691 4132 fateoraurror.
704 4087 727 4118 a.
742 4070 772 4118 L.
803 4073 866 4118 Suae.
881 4074 961 4133 fateor
972 4074 1102 4120 renconis
1119 4073 1207 4118 nescim
1224 4073 1273 4132 ipse
1288 4072 1319 4119 G.
1345 4079 1401 4121 torro

346 4137 435 4184 seretur
449 4134 492 4182 Gr.
529 4139 568 4184 41.
596 4137 648 4190 Qua
659 4138 753 4198 disemo
764 4150 849 4184 omues
860 4135 961 4199 quidem
972 4134 1093 4196 seriptiet
1104 4134 1195 4186 excusi.
1212 4135 1254 4183 sed
1266 4135 1400 4198 legendum

346 4199 443 4248 videtur
461 4200 516 4253 Qua
527 4201 628 4260 daj'arrro.
