3228 4982
568 1282 949 1370 PRAEFATIO.

279 1561 463 1622 Aasoaurn
488 1559 556 1642 jam
589 1557 772 1621 Germanici
802 1557 978 1621 carminum
1008 1555 1155 1631 editione,
1185 1553 1288 1617 minor

134 1715 135 1718 ’
233 1693 312 1759 mihi
342 1694 469 1792 suberat
499 1692 664 1757 difficultas
695 1692 832 1777 eligendi
862 1713 1035 1779 quemnam
1064 1691 1146 1755 inter
1175 1690 1289 1775 ignoti-

235 1850 304 1892 ores
328 1827 488 1893 Romanos
512 1827 675 1913 scriptores
697 1827 893 1913 potissimum
915 1837 1093 1903 tractarem,
1114 1825 1190 1912 quia
1206 1825 1289 1889 inter

237 1963 351 2027 Poetas
375 1962 518 2026 Minores
540 1984 560 2026 a
583 1961 792 2026 Wemsdorfio
818 1960 918 2026 editos
943 1960 1071 2046 plurimi
1100 1971 1212 2038 essent,
1235 1959 1290 2047 qui

235 2098 355 2184 optimo
372 2098 445 2182 jure
467 2096 500 2159 in
522 2117 627 2160 meam
649 2094 762 2159 seriem
783 2095 965 2180 migrarent.
1016 2093 1067 2158 Ex
1085 2095 1211 2159 illorum
1231 2117 1291 2158 nu·

124 2283 125 2288 γ
235 2253 324 2297 mero
346 2243 420 2296 sunt
444 2230 659 2296 Maximianus
683 2241 716 2295 et
742 2230 932 2316 Symposius,
957 2253 996 2294 eo
1021 2229 1112 2294 citius
1135 2230 1168 2294 in
1194 2230 1291 2294 leoto-

236 2389 308 2431 rum
337 2387 450 2430 manus
478 2364 612 2442 venturi,
643 2365 729 2451 quod
758 2387 866 2429 curam
889 2376 922 2428 et
942 2364 1143 2429 sedulitatem
1167 2365 1292 2429 Werns-

122 2487 123 2490 ¹
159 2576 163 2591 Ι
237 2501 328 2565 dorfii
348 2499 394 2564 nil
414 2501 561 2585 superare
578 2510 712 2586 poterat,
728 2500 805 2586 quin
822 2498 965 2586 perfecta
984 2510 1017 2564 et
1035 2499 1179 2565 absoluta
1195 2521 1293 2587 quam

117 2705 118 2709 ,
237 2617 375 2700 maxime
398 2635 494 2700 editio
510 2635 577 2720 ejus
591 2634 760 2700 rideretur.
806 2633 916 2718 Igitur,
932 2634 1010 2698 dum
1030 2634 1071 2699 ad
1092 2633 1155 2700 alia
1168 2634 1291 2712 festino,

238 2771 340 2836 obiter
361 2772 420 2836 sub
445 2770 570 2856 prelum
598 2769 670 2834 misi
692 2769 818 2854 Elegias
840 2768 1040 2848 Maximiani,
1061 2769 1214 2835 editorem
1236 2791 1293 2834 no-

238 2905 409 2982 vissimum,
436 2904 497 2969 nisi
522 2904 580 2970 ubi
603 2926 722 2970 errores
750 2903 988 2990 typographioos
1018 2904 1215 2982 correxerim,
1241 2926 1294 2970 ac-

110 3043 111 3046 ’
201 3071 203 3074 ·
239 3039 433 3105 curatissime
462 3049 597 3104 secutus.
652 3038 833 3125 Symposius
861 3039 950 3105 brevi
981 3045 1150 3126 sequetur3
1186 3061 1247 3104 nec
1268 3039 1294 3103 is

240 3195 367 3261 quoque
389 3172 524 3258 amplius
544 3171 624 3236 mihi
641 3171 780 3251 debebit,
796 3195 893 3259 quam
915 3174 1001 3260 quod
1023 3196 1062 3238 ex
1083 3172 1215 3238 horridis
1229 3173 1295 3238 istis

216 3369 217 3372 ,
242 3308 506 3376 Germanicarum
526 3306 701 3374 litterarum
721 3308 829 3375 formis
842 3311 972 3375 tandem
987 3331 1137 3394 egressus,
1153 3309 1294 3374 chartam

239 3453 401 3532 typosque,
425 3444 459 3509 in
483 3466 561 3531 quos
589 3444 648 3509 sub
677 3443 755 3510 meis
785 3443 929 3531 auspiciis
955 3444 1109 3524 inciderit,
1134 3467 1197 3512 non
1223 3465 1294 3510 suos

240 3578 415 3645 mirabitur.
