3228 4982
370 461 411 538 ⁷⁶.
638 452 746 516 Norm
762 473 805 516 rr
821 453 943 517 Vrarm
960 452 1154 517 Lscrrouss

368 591 476 658 lapsam
489 592 517 642 iu
529 591 632 643 cineres
642 590 748 660 facem.
787 589 879 656 Quam
895 590 963 644 oden
976 590 1043 642 adeo
1057 587 1241 642 Maximianus
1258 595 1321 641 ante
1333 587 1426 642 oculos

367 661 493 713 hahuisse
511 660 624 724 videtur,
646 659 778 729 siquidem
795 660 825 712 in
843 661 901 729 ejus
921 658 1053 729 principio
1072 659 1144 713 idem
1164 660 1197 712 de
1217 659 1290 729 Lyce
1311 659 1425 713 Flaccus

368 729 441 795 dicit,
457 731 528 800 quod
544 737 635 782 noster
648 730 817 798 praecedente
829 747 908 782 versu
925 730 957 783 de
971 729 1118 798 Lycoride:
1136 730 1180 796 fis
1197 747 1275 794 anus,
1290 738 1317 782 et
1335 738 1425 783 tomen

376 802 424 853 Vis
440 802 568 871 formosa
590 802 804 853 uideri—36.
825 801 860 852 In
876 803 1046 868 preteritum
1066 801 1243 852 luxuriantur
1260 799 1375 867 opur,h
1399 818 1423 854 e.

367 869 507 922 libidinose
520 876 651 939 appetunt
664 887 740 939 opus,
755 870 798 922 vel
809 887 876 934 rem,
891 888 951 940 quae
964 870 1028 939 quia
1040 869 1136 923 defecit
1145 871 1211 938 jam,
1226 887 1275 938 pro
1287 869 1425 938 praeterita

367 939 490 993 habenda
509 947 558 992 est.
597 938 700 1006 Luxus,
723 939 838 1004 luxuria,
860 940 991 992 luxuriari
1012 939 1118 993 serioris
1140 939 1227 992 aetatis
1249 940 1425 1007 scriptoribus

367 1011 400 1064 de
412 1009 532 1073 libidine,
547 1010 683 1062 amoribus
698 1017 725 1062 et
742 1011 842 1080 stupris
859 1010 1010 1074 adhibetur,
1025 1010 1095 1063 sicut
1107 1028 1123 1062 a
1136 1017 1228 1062 nostro
1244 1027 1338 1062 rursus
1354 1009 1425 1062 infra

367 1098 392 1133 r.
407 1086 450 1134 69.
487 1080 526 1133 Et
538 1089 601 1132 ante
614 1080 812 1132 Maximianum
829 1080 959 1133 Aurelius
971 1080 1067 1135 Victor
1078 1080 1106 1132 in
1120 1079 1256 1148 Epitome,
1271 1080 1304 1132 de
1316 1079 1424 1134 Licinio

367 1167 459 1218 agens,
475 1151 565 1202 lurum
585 1151 732 1204 Venereum
750 1150 826 1204 dixit.
867 1150 1040 1220 Quamquam
1058 1149 1192 1203 Martialis
1211 1149 1250 1202 sic
1264 1150 1322 1217 jam
1341 1167 1421 1202 usur-

367 1221 444 1290 passe
466 1221 579 1286 videtur,
601 1220 640 1272 iii.
661 1226 712 1273 69:
740 1220 811 1273 nibil
831 1229 871 1274 est
892 1229 918 1274 te
936 1223 1057 1273 sanctius
1076 1239 1147 1273 uuo:
1166 1220 1208 1274 Ar
1227 1238 1288 1273 mea
1310 1221 1423 1274 luxuria

362 1294 471 1360 popina
485 1292 560 1343 nulla
573 1299 662 1343 uacat.
700 1290 784 1342 Plura
798 1298 889 1343 autem
906 1289 1029 1358 exempla
1042 1289 1163 1358 Congius
1176 1290 1250 1343 dubit
1266 1290 1295 1342 in
1309 1289 1422 1343 Glossa-

366 1360 532 1414 rio.—41.
545 1360 633 1427 Erpa,
648 1378 707 1442 quae
715 1363 874 1427 presentia,
889 1361 932 1414 vel
944 1360 972 1412 in
985 1361 1121 1429 praesenti,
1135 1360 1274 1424 habemus,
1289 1362 1349 1414 solo
1361 1378 1421 1414 mu·

366 1431 472 1494 nebunt,
495 1430 637 1483 haerebunt
657 1448 686 1482 m
707 1430 812 1495 animis,
836 1432 1065 1495 memorabuntur,
1088 1432 1161 1484 vetut
1179 1432 1323 1497 pecudum,
1345 1431 1423 1499 quasi

366 1500 481 1570 pecudes
493 1499 586 1561 simus,
601 1517 661 1569 quae
673 1499 742 1551 nihil
756 1501 789 1553 de
801 1501 938 1569 praeterito
951 1500 1140 1565 meminerunt,
1156 1507 1263 1552 tantum
1275 1501 1348 1570 quod
1359 1508 1422 1554 ante

385 1570 447 1623 edes
468 1577 518 1634 est,
540 1569 632 1622 vident
653 1576 680 1622 et
699 1577 839 1638 appetunt.
877 1570 983 1624 Pariter
996 1569 1163 1624 Claudianus
1182 1569 1210 1622 in
1228 1570 1308 1624 Eutr.
1327 1570 1356 1625 ii.
1374 1575 1419 1636 50,

365 1587 487 1693 homines
503 1639 576 1692 vitiis
593 1639 696 1693 deditos
714 1639 807 1694 futura
824 1640 962 1708 negligere
980 1640 1055 1706 dicit,
1075 1640 1252 1708 praesentibus
1269 1639 1338 1693 frui:
1365 1642 1425 1694 Sed

366 1728 448 1780 quam
460 1728 545 1765 eoeeus
558 1713 626 1764 inest
639 1713 714 1764 vitiis
727 1728 804 1764 amor
812 1711 823 1764 l
842 1728 918 1764 omne
921 1713 1053 1782 futurum
1065 1712 1238 1778 Despicitur,
1253 1713 1420 1780 suadentque

399 1910 437 1953 al.
460 1907 489 1952 Ut
500 1907 583 1952 uideor.
595 1903 626 1951 V.
642 1904 673 1952 R.
693 1921 734 1951 uos
747 1906 866 1965 parcimus
878 1906 948 1950 aunis
961 1904 992 1951 G.
1011 1921 1050 1952 uos
1064 1906 1163 1966 parcitis
1174 1906 1250 1952 annis.
1264 1905 1344 1953 Amst.
1360 1904 1417 1965 Rip.

366 1985 424 2016 curn
436 1968 561 2016 nonnullis
571 1967 633 2016 aliis.
651 1968 694 2015 sed
705 1985 743 2015 uos
753 1971 855 2030 parcitis
866 1971 930 2014 anni.
948 1969 979 2014 A.
995 1968 1042 2015 Pu.
1058 1968 1096 2016 Pi.
1114 1969 1170 2016 Bas
1189 1969 1220 2016 0.
1241 1969 1308 2031 quod
1324 1977 1421 2017 rectum

366 2041 409 2080 est.
448 2033 487 2081 Sic
504 2032 570 2080 enim
586 2041 668 2080 noster
686 2039 710 2079 et
727 2048 801 2092 supra
819 2032 891 2094 Eleg.
910 2031 925 2079 i.
941 2035 1003 2081 267:
1026 2033 1080 2079 Non
1097 2050 1186 2094 queror,
1204 2034 1265 2080 heu!
1281 2036 1344 2094 lonpi
1360 2037 1422 2097 quod

366 2105 436 2145 totum
447 2099 533 2145 solvitis
545 2099 608 2144 aunt.
647 2096 779 2145 Witbolius
791 2112 863 2143 usum
875 2098 941 2144 bunc
955 2096 1103 2144 Maximiani
1116 2112 1166 2143 non
1178 2097 1321 2154 observavit,
1333 2098 1419 2145 simul-

366 2178 415 2224 que
431 2161 518 2210 vitiose
534 2161 638 2209 lectione
655 2163 724 2208 annis
741 2160 858 2220 deceptus
876 2168 919 2217 est,
940 2177 1018 2222 quum
1037 2162 1136 2208 Encaen.
1155 2161 1215 2209 Crit.
1238 2177 1262 2222 p.
1277 2166 1332 2210 320.
1353 2165 1420 2210 bunc

366 2241 462 2274 versum
474 2226 509 2272 ita
519 2226 638 2273 correxit:
660 2227 705 2282 Di,
717 2228 788 2280 uideo,
799 2227 905 2286 pulchris
921 2228 989 2271 etium
1004 2241 1043 2272 vos
1055 2227 1157 2287 parcitis
1172 2228 1247 2273 annis.
1282 2232 1321 2274 34.
1340 2229 1386 2273 Sed
1398 2229 1421 2274 εἰ

365 2293 429 2352 qaid.
444 2290 499 2337 Bas.
515 2290 553 2338 Pi.
568 2292 599 2338 0.
615 2290 670 2350 Bip.
685 2298 709 2337 et
721 2289 781 2338 alise.
817 2291 852 2336 Et
865 2292 887 2336 si
902 2292 961 2350 quid
973 2291 1016 2337 Gr.
1036 2291 1067 2337 G.
1083 2290 1112 2336 Ρ.
1148 2289 1183 2337 Et
1199 2292 1245 2337 hoc
1264 2290 1351 2338 volunt
1364 2291 1419 2338 Wi-

365 2354 457 2400 tholius
468 2362 493 2400 et
507 2355 677 2408 Ommerenus,
689 2353 790 2400 omnino
804 2361 877 2400 reete.
894 2356 916 2401 st
928 2357 987 2416 quid
1000 2370 1060 2400 nunc
1070 2361 1110 2410 est,
1122 2357 1184 2416 quod
1193 2356 1246 2415 suit
1260 2363 1320 2410 ante,
1335 2357 1419 2416 placet,

366 2417 400 2464 sie
411 2416 568 2478 distinguunt
581 2418 609 2464 B.
621 2418 658 2465 Pi.
672 2418 727 2477 Bip.
737 2425 761 2464 et
772 2416 896 2479 pleraeque
907 2417 967 2474 aliae,
980 2417 1021 2465 sed
1034 2421 1101 2480 quod,
1108 2421 1162 2479 suit
1172 2427 1232 2473 aute,
1241 2421 1324 2480 placet.
1342 2420 1373 2466 A.
1386 2421 1418 2468 0.

367 2481 434 2530 Mihi
444 2483 529 2542 paullo
540 2481 681 2542 impeditior
691 2484 743 2529 burc
752 2480 891 2542 dispunctio
900 2481 1004 2529 videtur.
1018 2483 1120 2544 proefero
1131 2482 1288 2544 superiorem.
1314 2484 1419 2544 Nempe,

365 2546 386 2593 si
398 2546 459 2608 quid
471 2560 536 2593 nune
548 2554 591 2602 est,
604 2547 629 2593 id
641 2547 720 2606 placet
732 2555 867 2606 propterea,
880 2545 946 2608 quod
960 2546 1008 2593 suit
1020 2555 1083 2594 ante.
1118 2549 1157 2595 37.
1174 2548 1209 2594 Et
1225 2550 1281 2609 quia
1296 2548 1419 2611 pleroeque

365 2611 478 2674 vulgatae.
517 2614 562 2658 Sed
576 2614 633 2673 quia
651 2612 681 2658 V.
698 2613 740 2659 Gr.
756 2611 788 2658 G.
824 2612 858 2657 Ar
873 2613 930 2673 quia
947 2610 1033 2658 volunt
1051 2610 1185 2658 Withofius
1201 2619 1226 2658 et
1245 2613 1418 2670 0mmerenus,

366 2676 434 2738 quod
448 2675 515 2723 idem
526 2684 569 2723 est.
611 2680 649 2724 38,
664 2677 745 2722 Nullos
761 2676 886 2735 amplexus,
902 2692 958 2738 quos
974 2692 1028 2723 rem.
1042 2677 1114 2722 babet.
1130 2675 1167 2723 Pi.
1184 2675 1239 2736 Bip.
1252 2684 1277 2723 et
1291 2675 1346 2724 aliae
1363 2679 1418 2725 vul-

366 2747 437 2800 gatae.
457 2743 510 2802 quis
520 2747 643 2787 remoretur
654 2740 707 2786 vult
722 2739 893 2786 Ommerenus.
913 2757 969 2801 quos
980 2747 1112 2787 memoretur
1126 2740 1157 2787 A.
1173 2739 1203 2788 B.
1218 2740 1250 2787 0.
1272 2743 1357 2788 Nullus
1368 2759 1417 2789 am-

362 2805 453 2866 plexus,
470 2807 532 2866 quod
548 2820 636 2851 noemor.
656 2805 727 2850 taber.
741 2803 771 2850 L.
808 2805 892 2850 Nullus
908 2807 941 2849 ad
956 2807 1090 2864 amplerum,
1108 2807 1170 2865 quod
1184 2812 1323 2860 metueretur,
1341 2807 1415 2854 babet.

368 2868 399 2916 V.
416 2868 445 2915 P.
461 2869 504 2915 Gr.
543 2870 628 2914 Nullus
643 2871 677 2914 ud
691 2869 813 2929 implexum
829 2870 891 2928 quod
908 2884 990 2914 mernor
1006 2876 1054 2915 etas
1070 2869 1136 2914 babet
1149 2868 1180 2915 G.
1203 2868 1313 2916 Difficile
1330 2877 1373 2926 est,
1391 2871 1417 2918 in

366 2940 418 2980 tam
433 2932 499 2980 varia
515 2931 690 2980 constitutione
706 2947 797 2987 versus,
810 2948 865 2993 quae
882 2931 908 2979 in
924 2931 993 2978 libris
1010 2940 1053 2988 est,
1070 2932 1183 2994 reperire,
1195 2931 1257 2994 quid
1273 2945 1359 2980 verum
1375 2934 1414 2983 sit.

368 2997 483 3058 Suspicor
498 3005 596 3045 tanturn
612 2996 731 3058 seriptum
746 2998 776 3044 ab
792 3005 892 3044 auctore
908 3011 966 3052 esse,
984 2997 1052 3059 quod
1069 2997 1152 3059 plures
1169 2996 1245 3057 mspti
1261 2997 1414 3060 significant:

368 3064 461 3118 Nullus,
472 3066 506 3110 ad
519 3063 636 3124 amplexus
652 3064 713 3124 quod
728 3069 857 3118 remoretur,
870 3063 943 3117 babet,
954 3063 977 3108 h.
991 3078 1011 3109 e.
1027 3077 1076 3108 non
1092 3064 1172 3117 habet,
1190 3061 1257 3124 quod
1273 3071 1417 3121 remoretur,

366 3134 448 3174 teneat
467 3127 584 3186 puellam,
601 3127 632 3173 ad
648 3125 776 3185 amplexus
790 3125 936 3187 jungendos.
970 3131 1009 3174 39.
1027 3129 1072 3173 Sed
1086 3129 1140 3173 solis
1156 3128 1252 3173 miseris.
1266 3126 1296 3173 L.
1316 3137 1418 3188 superest

365 3206 434 3251 super
444 3194 527 3237 munia.
540 3191 571 3238 G.
606 3197 644 3238 40.
667 3192 709 3237 Tot
719 3192 784 3236 modo
793 3193 878 3236 Manna
884 3192 939 3250 fico.
971 3190 1031 3238 Post
1043 3193 1108 3238 hunc
1120 3206 1217 3237 versum
1228 3190 1280 3237 cod.
1292 3191 1356 3238 Lura
1369 3194 1417 3240 hoe

365 3253 485 3302 distichon
504 3254 602 3301 inserit:
629 3257 713 3301 Omnia
730 3271 793 3300 nemo
806 3261 888 3314 potest,
904 3271 950 3300 nou
966 3271 1041 3302 omnes
1057 3257 1134 3302 omnio
1146 3262 1244 3316 possunt
1257 3256 1359 3314 Efficere,
1375 3258 1417 3304 boc

365 3319 437 3364 vincit
446 3319 628 3378 seminojuneta
639 3320 695 3365 uiro.
729 3316 800 3364 Idem
813 3317 929 3364 exhibent
943 3317 1032 3380 reliqui
1045 3320 1122 3375 Msti;
1141 3335 1202 3381 quos
1214 3321 1298 3376 habeo,
1310 3335 1418 3383 cumque

364 3380 394 3428 iis
405 3381 507 3444 antique
518 3381 555 3429 rd.
566 3382 650 3428 Germ.
665 3380 708 3443 qui
719 3387 801 3427 tamen
813 3379 839 3427 in
850 3380 972 3442 principio
983 3383 1073 3430 rectius
1084 3383 1187 3431 scribere
1198 3382 1312 3431 videntur
1330 3385 1418 3434 Omnia

364 3462 428 3494 nemo
440 3449 501 3508 pati,
513 3463 559 3494 non
573 3463 654 3502 omues,
666 3453 711 3494 etc.
726 3444 853 3492 nonnullis
863 3444 918 3492 aliis
932 3446 1041 3495 mutatis.
1081 3446 1128 3495 Sed
1142 3455 1249 3508 apparet,
1261 3447 1356 3495 insitios
1371 3451 1417 3496 hos

364 3527 415 3558 esse
426 3527 516 3568 versus,
528 3523 553 3559 et
564 3526 651 3572 parurn
665 3512 769 3558 attinere
779 3509 811 3557 ad
827 3518 976 3558 contextum.
1015 3511 1068 3560 Nec
1085 3512 1137 3560 ulla
1151 3512 1325 3572 impressorum
1341 3512 1416 3561 libro·

365 3591 428 3633 rum,
441 3584 496 3638 post
510 3575 691 3632 Aseensiunam,
702 3574 778 3623 editio
789 3591 830 3622 eos
842 3575 941 3637 recepit.
982 3581 1021 3626 43.
1042 3579 1099 3624 Cum
1103 3579 1211 3638 supiunt,
1223 3585 1248 3624 et
1260 3593 1281 3624 v.
1296 3593 1346 3639 seq.
1381 3580 1417 3626 Ao

364 3649 472 3702 repetunt.
486 3642 517 3689 V.
536 3643 580 3689 Gr.
613 3643 643 3688 Ut
652 3643 759 3702 sapiunt,
775 3648 801 3686 ut
815 3648 919 3701 repetunt
932 3641 963 3688 R.
989 3642 1133 3702 Confupiunt
1149 3641 1178 3688 L.
1192 3648 1217 3688 et
1231 3642 1262 3688 G.
1296 3641 1380 3703 Atque
1398 3642 1416 3689 ii

364 3721 449 3753 omnes
460 3705 485 3752 in
497 3705 606 3754 versibus
617 3704 775 3767 sequentibus
788 3703 931 3752 indicativos
942 3705 1094 3759 continuant,
1106 3712 1217 3766 repetunt,
1228 3707 1313 3766 diligit,
1325 3709 1415 3767 querit,

364 3777 450 3826 coutet,
464 3772 554 3832 Fitque.
589 3768 705 3830 Impressi
717 3776 801 3816 eontra
812 3768 936 3828 perpetuis
947 3768 1109 3828 subjunctivis
1120 3776 1234 3825 utuntur,
1247 3771 1303 3818 Cum
1307 3772 1415 3831 sapiant,

363 3842 474 3894 repetunt,
486 3836 577 3894 dilipot,
589 3835 678 3895 querit,
695 3835 780 3894 Sitque.
818 3832 875 3894 Ego
887 3832 917 3880 de
931 3835 976 3879 bac
992 3832 1131 3881 diversitate
1146 3832 1180 3880 sic
1193 3833 1286 3892 judico,
1298 3850 1376 3896 quum
1388 3835 1415 3882 in

364 3897 485 3961 principio
496 3914 580 3946 versus
591 3903 622 3946 43
633 3896 674 3944 vix
685 3896 756 3944 aliter
770 3895 821 3958 legi
832 3905 913 3958 queat,
926 3913 1000 3959 quam
1017 3899 1074 3946 Cum
1082 3900 1189 3960 ‘fugiunt
1201 3905 1276 3960 atque
1286 3901 1333 3946 hoc
1344 3897 1413 3947 disti-

364 3964 410 4008 cho
420 3959 698 4025 generaliteranimelis
709 3969 733 4010 et
744 3976 831 4023 greges
847 3961 1011 4017 nominentur,
1022 3962 1097 4010 etiam
1114 3961 1140 4008 in
1157 3961 1252 4010 minore
1267 3978 1339 4011 versu
1355 3964 1414 4012 scri·

364 4025 473 4074 bendum
484 4043 535 4075 esse
548 4029 583 4075 Ac
599 4034 707 4090 repetunt.
745 4023 792 4073 Sed
808 4024 834 4073 in
852 4025 948 4074 duobus
964 4025 1074 4074 distichis
1090 4025 1257 4088 sequentibus,
1268 4026 1312 4075 ubi
1328 4036 1414 4078 auctor

363 4088 395 4136 ad
406 4091 518 4150 exempla
528 4100 553 4138 et
565 4091 656 4152 species
667 4089 810 4138 animalium
826 4089 989 4153 progreditur,
1001 4090 1162 4138 convertenda
1174 4089 1271 4140 videtur
1287 4091 1373 4149 oratio,
1386 4101 1415 4142 ut

363 4153 456 4202 directa
467 4154 516 4210 fiet,
528 4164 553 4202 et
565 4154 696 4204 indicativa
707 4163 837 4215 ponantur,
849 4153 1058 4217 quemadmodum
1070 4154 1095 4202 in
1107 4154 1193 4216 msptis
1205 4155 1328 4205 veteribus
1340 4157 1374 4206 tit.
