3228 4982
471 421 557 483 Vim
574 441 615 482 ar
633 421 724 484 Ama
742 419 957 483 Mnxmrraxr.
1202 425 1241 482 15

188 582 294 656 aperte
315 583 347 634 et
367 570 567 669 impudenter
581 569 737 646 describit,
754 569 807 634 vix
824 570 988 632 conciliare
1003 570 1063 634 hoc
1078 593 1242 655 possumus

18 663 40 672 ⁹
135 707 147 720 .
189 679 261 719 curn
284 679 478 741 superiorum
496 657 667 739 elegiarum
684 655 846 730 modestia,
863 655 921 718 nisi
944 666 1079 720 statuere
1097 656 1239 732 velimus,

188 742 352 806 consilium
375 741 404 804 ei
426 742 485 805 hoc
508 741 610 817 fixisse,
627 753 662 804 ut
684 742 790 806 Graiae
813 741 962 826 nequitias
978 751 1011 805 et
1032 741 1166 807 laseiviae
1184 766 1242 807 ex·

189 828 340 911 emplum,
356 828 398 889 ad
420 827 683 911 corrumpendum
705 839 771 890 tarn
793 827 928 910 potentis
943 837 976 890 et
989 827 1169 909 ingeniosae,
1185 829 1242 892 dc·

188 913 340 997 pingeret.
386 912 456 975 Nec
480 913 678 975 diffitendum
701 923 757 988 est,
780 914 946 996 abreptum
971 936 1094 998 quoque
1119 923 1151 976 ct
1174 936 1242 976 cor·

191 1008 318 1082 ruptum
341 997 440 1061 videri
464 998 647 1061 lascivorum
672 998 784 1062 veteris
808 998 867 1061 aevi
890 1009 1054 1081 poetarum
1078 999 1180 1062 studio
1210 1009 1242 1061 et

188 1083 332 1157 lectione,
349 1106 483 1168 quorum
507 1106 580 1146 cum
604 1083 772 1146 sententias
796 1093 829 1146 et
852 1083 1021 1166 elegantias
1038 1083 1145 1147 multis
1167 1084 1242 1147 locis

189 1167 304 1231 imitari
328 1177 456 1232 conatus
474 1179 530 1243 est,
549 1179 618 1231 tum
636 1169 732 1232 etiarn
754 1168 904 1254 nequitiae
925 1168 1109 1253 exemplum
1127 1170 1167 1232 ab
1192 1169 1243 1232 iis-

189 1254 263 1316 dem
278 1265 386 1338 petere
401 1277 465 1318 non
479 1254 634 1317 dubitavit
643 1256 662 1316 ⁸.

235 1340 468 1422 Argumentum
494 1339 676 1422 Elegiarum
702 1339 891 1404 Maximiani
921 1340 1040 1403 diverse
1071 1341 1242 1404 admodum

190 1424 317 1488 diversis
332 1425 524 1509 temporibus
539 1437 703 1510 acceptum
722 1435 754 1488 et
776 1425 971 1488 intellectum
987 1435 1042 1501 est,
1059 1436 1153 1512 atque
1168 1427 1243 1489 inde

190 1510 266 1573 varii
281 1533 389 1573 earum
405 1511 488 1574 tituli
510 1522 543 1574 et
564 1510 777 1596 inscriptiones
792 1511 1002 1595 discrepantes
1022 1511 1124 1586 factae,
1140 1535 1158 1575 e
1174 1511 1244 1597 qui-

190 1596 249 1658 bus
264 1595 366 1671 simul,
383 1619 478 1682 quam
494 1597 615 1659 diversa
629 1598 696 1680 ejus
716 1608 818 1682 poetae
839 1596 1027 1660 existimatio
1042 1597 1170 1660 diversis
1185 1599 1244 1660 sub

192 1682 336 1746 aetatibus
357 1681 459 1757 fuerit,
476 1681 621 1764 colligere
641 1682 724 1745 licet.
771 1682 940 1745 Goldastus
954 1682 987 1744 in
1003 1683 1142 1779 quinque
1158 1694 1244 1746 vete·

191 1767 276 1829 ribus
301 1767 468 1842 codicibus,
494 1789 571 1850 quos
600 1768 746 1852 possedit,
771 1767 853 1830 hanc
882 1767 980 1830 ferme
1011 1767 1243 1852 rnscriptionem

191 1851 283 1915 fuisse
305 1861 453 1916 testatur:
477 1855 632 1916 Facetum
654 1863 686 1917 et
701 1855 936 1938 qrerjucuadum
955 1877 1072 1938 poema
1092 1858 1132 1918 dc
1147 1855 1243 1918 Anzo-

191 1940 283 2002 ribus
298 1939 511 2015 Maximiani,
528 1940 641 2002 Poetoe
661 1941 850 2016 doctissimi,
871 1940 1024 2003 Orator-is
1046 1942 1243 2004 suavissimi.

193 2023 284 2086 Idem
308 2023 341 2085 in
366 2022 546 2086 Parisiensis
570 2022 723 2098 editionis
743 2022 885 2086 omnium
909 2023 1029 2107 primae,
1055 2023 1245 2108 frontispicio

192 2107 375 2193 inscriptum
398 2131 464 2172 esse
491 2108 585 2171 dicit:
610 2110 846 2194 Perjacrmdas‚
861 2112 1017 2194 juvenum
1040 2133 1167 2194 quoque
1187 2112 1243 2173 mi-

192 2219 262 2258 ram
277 2197 310 2258 ia
325 2197 448 2258 modam
464 2196 644 2258 demulcens
662 2196 787 2258 animos
808 2196 946 2270 libellus,
964 2217 1055 2278 quem
1069 2195 1244 2280 Negarem

193 2281 395 2344 Masimiaai
419 2281 551 2343 immitis
573 2280 765 2343 Alexander
788 2279 942 2354 intitulat,
968 2289 1027 2341 etc.
1078 2278 1117 2341 In
1140 2290 1245 2343 vetus·

192 2363 310 2426 tissima
332 2364 478 2437 editione,
495 2387 568 2448 quae
585 2375 668 2427 certe
690 2363 792 2448 prima
806 2362 839 2426 in
856 2364 1028 2428 Germania
1050 2363 1143 2428 fuisse
1158 2365 1246 2428 vide·

191 2460 252 2524 tur,
277 2461 309 2512 et
332 2449 365 2512 in
388 2449 516 2534 publiea
531 2449 715 2514 Academiae
732 2459 846 2513 nostrae
870 2449 1061 2513 bibliotheca
1081 2461 1177 2526 extat,
1194 2451 1246 2513 hic

192 2534 300 2598 titulus
323 2535 512 2619 praefigitur:
541 2537 742 2600 Maximiani
762 2536 953 2621 philosophi
977 2547 1076 2621 atque
1102 2539 1246 2601 oratoris

192 2622 368 2686 clarissimi
396 2624 504 2684 ethica
527 2622 638 2684 suavis
664 2631 696 2683 et
713 2623 917 2706 peijocanda
943 2622 1060 2706 incipit
1078 2623 1243 2704 feliciter.

194 2706 303 2780 Quum
321 2705 556 2769 Maximianum
571 2705 646 2768 olim
666 2704 771 2768 medio
785 2705 982 2789 barbaroque
1003 2728 1070 2770 aevo
1087 2705 1120 2768 in
1135 2705 1248 2770 scholis

191 2790 376 2876 praelectum
400 2813 476 2866 esse,
495 2790 673 2854 testimonia
695 2790 846 2854 nonnulla
868 2790 1079 2875 antiquiorum
1102 2793 1246 2866 doceant,

192 2889 262 2940 turn
285 2877 381 2941 etiam
404 2876 573 2940 multitudo
592 2876 820 2961 exemplarium
838 2877 1151 2959 manuscriptorum,
1174 2900 1247 2960 quae

193 2963 364 3026 hodienum
385 2972 483 3037 extat,
498 2972 639 3036 testetur,
656 2971 784 3044 apparet
805 2982 879 3022 sane
902 2961 1063 3022 doctorum
1083 2973 1115 3023 et
1137 2984 1248 3025 mona-

194 3048 323 3112 chorum
338 3049 426 3123 adeo,
438 3048 493 3132 qui
508 3058 576 3110 turn
592 3046 711 3108 scholas
726 3045 894 3120 habebant,
905 3044 1032 3127 insignis
1047 3069 1110 3109 non
1126 3046 1248 3111 inscitia

193 3134 288 3198 modo
310 3145 342 3198 et
363 3133 532 3207 barbarice,
548 3133 604 3195 sed
622 3143 654 3194 ct
675 3131 880 3216 impudentia,
897 3130 952 3212 qui
967 3130 1119 3209 libellum,
1136 3132 1247 3196 vetitos

194 3220 312 3303 ubique
336 3242 457 3283 amores
481 3219 659 3303 spirantem,
676 3228 709 3280 et
726 3217 815 3280 bonis
835 3216 973 3280 moribus
994 3217 1133 3294 noxium,
1152 3219 1248 3283 tantis

193 3328 303 3368 ornare
319 3316 352 3368 et
367 3306 586 3369 commendare
602 3303 719 3386 elogiis,
736 3301 836 3388 iisque
849 3303 1050 3386 juventutem
1066 3303 1190 3368 allicere
1206 3306 1248 3369 ad

194 3391 364 3475 legendum
379 3400 567 3473 sategerunt.
614 3389 710 3463 Quod
726 3389 829 3472 ipsum
844 3388 985 3472 pluribus
1000 3390 1102 3453 verbis
1117 3391 1248 3474 exponit

194 3488 227 3540 et
242 3477 422 3559 indignatur
438 3476 607 3539 Goldastus
622 3475 654 3537 in
672 3474 798 3539 Praesat
814 3474 856 3537 ad
872 3474 1034 3537 Catalecta
1050 3474 1165 3539 Ovidii.

238 3562 305 3636 Qui
329 3561 365 3624 iis
388 3561 581 3645 temporibus
604 3560 710 3645 paullo
728 3559 863 3623 severius
883 3559 1069 3635 sentiebant,
1086 3585 1192 3646 irogus
1209 3583 1248 3624 ea

194 3648 333 3712 carmina
357 3658 389 3710 et
412 3657 596 3730 nugatorem
622 3645 857 3709 Maximianum
881 3644 1090 3729 appellabant,
1115 3656 1150 3708 ut
1173 3645 1248 3710 fecit

195 3734 379 3799 Alexander
395 3732 627 3797 Grammaticus
636 3733 655 3794 ⁹.
703 3729 850 3816 Plerique
873 3753 914 3795 ex
936 3730 1172 3816 antiquioribus,
1192 3733 1247 3819 qui

230 3883 312 3948 “Qui
325 3883 416 3937 Ovidii
433 3883 565 3936 Amorum
579 3882 648 3935 libro
664 3881 702 3934 iii.
739 3888 767 3934 et
776 3881 878 3934 Tibulli
886 3881 1004 3933 carmina
1014 3881 1099 3934 mrdto
1109 3882 1236 3950 turpiora.

195 3951 319 4022 Elegiam
333 3960 357 4007 7.
370 3953 477 4022 legerit,
492 3971 546 4005 non
559 3951 700 4017 dubitabit,
774 3955 784 3986 ⁹
797 3951 858 4004 Etsi
869 3951 957 4003 hocin
967 3951 1079 4005 dubium
1088 3959 1165 4004 vocat
1173 3951 1195 4003 F
1197 3970 1247 4005 on·

196 4039 255 4075 eam
275 4041 291 4074 a
311 4023 478 4076 Maximiano
496 4022 547 4075 Ele
568 4022 593 4074 'a
611 4040 635 4075 v.
655 4038 702 4074 ex·
740 4020 847 4074 taninus
866 4020 929 4074 hist.
943 4020 983 4074 lit.
1002 4021 1094 4090 Aquil.
1115 4038 1141 4090 p.
1155 4027 1198 4087 50,
1220 4029 1247 4074 et

197 4109 318 4160 pressum
330 4110 397 4146 esse.
430 4094 518 4147 Taceo
537 4092 588 4144 a'a
602 4091 703 4145 Catulli
740 4093 773 4144 ab
782 4089 935 4144 Alexandro
945 4090 1143 4144 Maximianum
1153 4091 1246 4155 aliurn,
