3228 4982
356 449 398 508 74
622 441 729 507 Nora
746 462 788 504 nr
804 441 925 505 Vsnrm
942 442 1136 506 Lucrinum

354 579 450 648 ligitur
461 593 493 632 ex
506 577 605 632 luten.
618 577 653 630 vi.
668 582 728 632 621.
743 585 770 630 et
784 577 859 631 Suet.
872 577 968 632 Claud.
982 595 1004 631 c.
1016 583 1193 632 tiu—290.
1207 578 1311 632 Statili
1315 574 1408 645 fine]

355 657 437 714 certo,
460 666 510 702 nec
532 649 579 701 diu
600 648 681 701 dubio
702 655 729 700 et
749 648 1035 703 metuendo—291.
1057 649 1167 702 Summo
1188 649 1301 702 culmine
1322 649 1407 701 missa

355 716 462 786 nsunt]
483 735 579 788 nempe
595 719 628 770 de
645 718 762 770 culmine
778 717 893 771 fortunae
910 719 1021 785 dejecta,
1036 725 1067 771 ut
1081 717 1176 773 Claud.
1191 718 1262 771 Prol.
1276 719 1311 770 ad
1326 717 1373 771 lib.
1388 717 1406 771 i.

355 789 384 842 in
396 790 474 842 Eutr.
489 807 513 842 v.
527 795 560 841 5:
587 789 708 870 Culmine
721 789 850 871 dejectam
863 791 924 841 uita
932 789 1051 858 fortuna
1059 791 1154 855 priori
1164 790 1310 842 Reddidit.
1350 787 1409 852 Qut

355 861 435 912 rebus
459 866 521 911 ante
541 875 727 927 prosperrimis
751 859 948 927 loetrss1m1sque
970 858 1013 910 usi
1034 865 1107 923 sunt,
1129 876 1212 928 quum
1235 858 1325 911 sabito
1343 875 1409 911 casu

355 929 519 999 affliguntur,
540 929 648 997 gravius
667 929 761 994 multo,
779 946 860 998 quam
878 928 923 980 alii
941 935 1033 981 ruunt.
1073 928 1108 980 Et
1129 928 1276 998 respexisse
1298 927 1409 980 omnino

355 1008 449 1052 arrotor
466 999 572 1052 videtur
588 1000 657 1051 hano
676 999 837 1052 sententiam
851 997 1002 1062 Claudiani,
1016 998 1045 1049 in
1058 996 1122 1052 Rus.
1137 998 1154 1052 i.
1168 1003 1215 1051 21:
1228 1000 1292 1066 jain
1304 1016 1357 1052 nan
1370 1000 1411 1050 ad

354 1072 472 1123 culmina
486 1087 575 1122 rerum
588 1071 707 1139 Irqustos
719 1072 834 1123 crevisse
847 1086 962 1138 queror:
982 1069 1112 1122 tolluntur
1126 1072 1153 1121 in
1170 1070 1254 1122 altum
1274 1069 1311 1121 Ut
1326 1069 1408 1136 lapsu

231 1117 482 1292 Uriam
493 1148 584 1193 ruant.

379 1269 485 1333 ¹Narin
504 1297 535 1332 ru
552 1279 693 1332 fflnorsu
711 1279 813 1332 Il.-‘2.
827 1281 886 1332 Res
895 1280 958 1348 filit
975 1297 1030 1332 una
1049 1275 1141 1346 milti]
1171 1279 1209 1331 rei
1225 1279 1364 1332 familiaris
1381 1286 1409 1332 et

354 1352 487 1403 bonorum
508 1349 669 1402 communio.
698 1350 831 1420 quomodo
851 1349 1013 1417 intelligitur
1033 1349 1061 1401 in
1082 1349 1128 1402 illa
1148 1347 1264 1402 formula
1283 1348 1407 1402 divortii:

356 1422 415 1473 Res
432 1429 494 1473 tuas
510 1421 561 1473 riti
577 1419 782 1473 habeta—3.
797 1421 916 1472 Indicisi
930 1416 1071 1487 uicimus]
1092 1419 1171 1473 Ovid.
1186 1437 1218 1471 ex
1234 1419 1314 1472 Pont.
1327 1419 1366 1473 iii.
1380 1425 1408 1486 4,

356 1495 403 1543 69:
424 1490 585 1558 Maqnaqae
593 1507 664 1558 pars
678 1491 773 1542 anima
785 1507 885 1542 raecum
899 1491 1007 1542 vixistis
1019 1493 1109 1543 amici.
1144 1488 1277 1558 Apuleius
1289 1490 1318 1542 in
1331 1489 1408 1561 Apo·

356 1560 409 1629 log.
429 1576 455 1628 p.
474 1565 535 1612 308.
554 1559 692 1612 Elmenh.:
717 1563 765 1629 qui
784 1562 924 1613 individua
946 1561 1118 1614 contubernio
1137 1577 1238 1612 mecam
1258 1562 1411 1614 uicit.—

355 1636 381 1684 4.
398 1626 588 1700 stupefacta,]
611 1629 700 1683 subito
717 1629 756 1683 ita
771 1638 884 1694 mutata,
900 1629 975 1699 quasi
992 1637 1084 1698 erepto
1097 1629 1170 1683 omni
1186 1647 1267 1684 sensu
1278 1637 1306 1682 et
1318 1647 1409 1683 amore

356 1701 417 1754 mei.
438 1701 500 1754 Vid.
514 1701 592 1768 Eleg.
606 1700 623 1754 i.
641 1705 797 1753 126.-7.
810 1701 970 1754 Meminisse
986 1696 1081 1768 volet]
1120 1701 1209 1754 Faveo
1222 1701 1329 1769 quidem
1343 1717 1408 1753 con·

351 1772 468 1840 jecturae
481 1771 646 1835 Ommereni,
661 1771 729 1824 salet
741 1771 902 1840 reponentis,
918 1771 981 1841 quis
999 1771 1135 1839 praecessit
1154 1774 1265 1840 respuit,
1281 1773 1407 1838 requirit,

356 1850 443 1906 vacat,
459 1849 486 1894 et
502 1840 624 1910 sequitur
632 1841 729 1908 finpit.
749 1843 796 1894 sed
810 1841 879 1894 hanc
895 1841 981 1909 ipsam
994 1842 1028 1894 ob
1041 1857 1149 1893 oausam
1168 1858 1218 1909 ego
1236 1840 1321 1892 malui
1337 1842 1412 1894 valet

356 1911 480 1977 scribere,
496 1912 567 1981 quod
583 1911 698 1964 similius
713 1918 753 1964 est
769 1915 803 1972 τῷ
819 1912 897 1975 uolet,
913 1917 940 1963 et
956 1917 1017 1979 apte
1034 1911 1177 1980 respondet
1193 1919 1227 1977 τῷ
1242 1912 1408 1980 stupefacta,

357 1982 428 2050 quod
441 1981 509 2034 dixit
521 1999 545 2034 v.
559 1987 585 2035 4.
623 1981 667 2034 Ita
683 1980 785 2035 scilicet
802 1980 951 2050 stupefacta
963 1987 1013 2046 est,
1028 1987 1059 2032 ut
1074 1998 1108 2032 ne
1121 1981 1208 2034 valeat
1225 1980 1333 2049 quidem
1351 1997 1408 2034 me·

356 2051 475 2116 minisse,
490 2058 541 2104 etc.
561 2053 653 2104 dulcia
666 2054 729 2104 vita
742 2069 773 2103 eo
786 2067 866 2104 sensu
879 2050 955 2115 dixit,
970 2068 1023 2119 quo
1036 2058 1148 2119 usurpat
1160 2050 1233 2103 Dido
1246 2051 1317 2119 apud
1330 2050 1408 2119 Virg.

357 2121 424 2177 AEn.
438 2121 472 2175 iv.
486 2126 551 2175 318:
574 2124 609 2174 Si
620 2123 684 2176 bene
697 2124 766 2190 quid
776 2123 809 2174 dc
822 2129 847 2174 te
859 2123 954 2186 merui,
960 2121 1025 2190 fuit
1036 2129 1086 2173 aut
1097 2122 1148 2173 tibi
1160 2123 1309 2189 quidquam
1319 2122 1410 2174 Dulce

357 2197 550 2245 meum.—-8.
571 2194 654 2255 Quod
670 2210 711 2244 me
726 2193 848 2244 reddidit
865 2194 927 2260 ipsa
945 2188 1057 2258 senem]
1092 2189 1239 2245 Commode
1257 2191 1310 2243 huc
1328 2190 1411 2245 refert

358 2261 537 2315 Ommerenus
556 2263 670 2314 similem
689 2262 778 2314 locum
798 2260 901 2316 Catulli
919 2261 955 2312 xi.
969 2266 1016 2314 21:
1039 2262 1100 2314 Nec
1117 2279 1203 2314 mcum
1222 2269 1361 2328 respectet,
1380 2271 1412 2315 ut

358 2339 429 2394 ante,
454 2349 581 2396 amarent,
610 2333 667 2394 Qui
691 2333 765 2384 illias
784 2333 865 2399 culpa
887 2333 986 2384 cecidit
992 2354 1003 2390 ,·
1028 2333 1100 2385 uelut
1117 2334 1198 2400 prati
1222 2332 1319 2384 Ultimi
1338 2333 1408 2401 flos,

352 2409 533 2469 pretereunte
546 2410 694 2470 postquam
713 2403 816 2454 Tactus
832 2410 929 2454 aratra
945 2398 1274 2469 est.—-12.Ecspuit,]
1300 2402 1333 2453 ad
1353 2401 1409 2470 sig-

357 2470 520 2524 nificandum
545 2479 720 2537 contemtum,
741 2471 784 2525 vel
805 2471 881 2541 quasi
903 2472 936 2524 ad
958 2472 1133 2524 evertendum
1153 2478 1316 2540 portentum,
1339 2473 1412 2541 quod

358 2541 430 2594 idem
451 2541 508 2594 seni
529 2542 620 2610 inepto
642 2542 748 2595 evenire
768 2542 833 2595 dicit
854 2541 954 2595 Tibull.
974 2542 992 2594 i.
1005 2547 1031 2606 2,
1047 2547 1089 2595 96.
1104 2541 1209 2611 Heyn.:
1231 2543 1313 2595 Hunc
1327 2561 1409 2610 puer,

358 2611 428 2664 lunc
431 2613 543 2679 juvenis
557 2613 637 2666 turba
651 2615 818 2666 circumterit
833 2621 916 2671 arta;
936 2613 1059 2680 Despuit
1070 2615 1098 2664 in
1111 2613 1203 2666 molles
1221 2621 1248 2665 et
1263 2613 1318 2665 sibi
1334 2616 1409 2682 quis-

358 2700 409 2750 que
428 2685 511 2736 sinus.
551 2683 675 2737 Vestibus
696 2701 746 2737 ora
767 2691 866 2750 tepens,
888 2682 997 2751 pudoris
1018 2682 1061 2734 vel
1080 2682 1272 2751 indignationis
1292 2682 1411 2751 signum.
1483 2699 1486 2707 ·

358 2752 436 2805 Ovid.
452 2752 520 2806 Met.
534 2770 560 2806 x.
574 2757 638 2806 421:
660 2754 875 2820 pudibundaque
894 2753 1010 2806 aestibus
1028 2771 1078 2806 ara
1095 2753 1178 2805 Tacit
1192 2759 1219 2805 et
1232 2759 1326 2805 auctor
1340 2752 1412 2807 Ciris

357 2839 382 2874 v.
396 2826 463 2874 342:
486 2824 627 2876 Paulatim
641 2823 814 2875 tremebunda
826 2825 902 2890 penis
914 2823 1045 2875 abducere
1057 2828 1280 2876 uestem—15.
1302 2823 1410 2877 Vomitu

357 2909 404 2944 ceu
408 2893 519 2961 fundat
530 2889 672 2960 amarem]
702 2892 850 2945 Fastidium
863 2899 890 2945 et
902 2899 1068 2945 contemtum
1081 2910 1160 2945 suum
1173 2892 1299 2946 simulata
1311 2911 1411 2946 nausea

358 2962 500 3032 significat,
521 2981 580 3034 quae
602 2969 643 3016 est
664 2963 794 3016 stomachi
815 2962 958 3015 concitatio
978 2963 1012 3015 ad
1031 2963 1171 3016 vomitum.
1195 2963 1266 3015 unde
1278 2965 1412 3033 fluentem

391 3119 446 3165 287.
470 3118 588 3177 Quumque
601 3117 662 3162 attii
674 3116 704 3163 A.
722 3116 753 3163 0.
798 3120 852 3164 288.
868 3115 965 3178 Et(vel
977 3115 1016 3177 ut)
1028 3118 1110 3163 misero
1123 3117 1218 3176 pravior
1230 3115 1261 3162 V.
1281 3114 1370 3170 caeteri,
1382 3121 1412 3162 ut

358 3178 486 3228 edidimus.
523 3186 578 3228 290.
595 3181 629 3226 Et
644 3182 693 3226 lato
703 3179 740 3226 vel
754 3181 809 3226 lecto
819 3182 917 3236 stabiles,
929 3180 968 3226 vel
979 3182 1040 3228 latas
1051 3182 1137 3236 stabili,
1150 3188 1284 3242 utrumque
1295 3178 1411 3240 proponit

360 3244 391 3290 V.
412 3245 454 3290 leta
470 3246 588 3290 instabiles
607 3244 638 3290 R.
660 3245 709 3290 lato
726 3245 817 3291 stabiles
835 3245 878 3291 Gr.
899 3245 930 3291 G.
951 3244 1032 3291 caeteri
1049 3247 1110 3292 letas
1126 3247 1211 3292 stabili.
1255 3248 1313 3292 ael.
1327 3246 1412 3291 Prisca

358 3309 458 3353 laborum
477 3307 506 3353 L.
554 3311 609 3354 292.
632 3309 722 3367 Mapna
741 3315 812 3353 ruunt
829 3308 860 3355 V.
881 3308 924 3355 Gr.
952 3323 1025 3355 mersa
1044 3317 1116 3356 ruunt
1135 3309 1164 3356 L.
1188 3310 1219 3357 G.
1239 3307 1321 3356 oaeteri
1341 3311 1413 3355 missa

359 3378 436 3417 ruunt.

394 3439 413 3482 l.
429 3435 529 3482 Multum
540 3436 646 3495 forinasa
658 3434 689 3483 V.
705 3435 748 3482 Gr.
769 3436 866 3496 liquoris
877 3434 962 3482 vitiose
978 3452 1023 3497 pro
1036 3436 1139 3498 Lycoris
1157 3438 1188 3485 R.
1204 3437 1234 3484 L.
1252 3437 1283 3484 G.
1325 3442 1348 3484 2.
1366 3439 1413 3484 lter

359 3502 638 3561 eadem‚menssuituna.
651 3500 680 3548 P.
693 3498 730 3547 ed.
766 3505 789 3548 3.
807 3501 929 3548 Indiuisim
942 3501 972 3548 L.
1009 3506 1031 3549 4.
1049 3505 1153 3562 Respicit
1163 3503 1280 3563 amplexus
1291 3502 1337 3548 liac
1348 3508 1409 3561 stup.

362 3567 393 3613 G.
410 3568 535 3628 paap'acta
547 3565 578 3611 V.
597 3565 627 3611 1..
645 3565 674 3612 P.
715 3567 736 3615 7.
751 3567 883 3612 Meminisse
899 3567 957 3613 solet
971 3567 1075 3614 habetur
1091 3565 1115 3612 in
1128 3565 1242 3627 vulgatis.
1262 3580 1307 3626 pro
1318 3581 1347 3612 eo
1358 3566 1414 3612 salet

358 3631 483 3692 eleganter
494 3628 595 3690 conjicit
610 3630 780 3677 Ommerenus.
799 3632 889 3690 qaudia
900 3632 952 3677 nita
963 3646 1009 3691 pro
1020 3633 1098 3678 deuia
1110 3631 1141 3678 V.
1156 3631 1199 3678 Gr.
1214 3628 1282 3692 quod
1292 3630 1414 3691 glossema

358 3710 409 3741 esse
420 3693 524 3742 videtur.
563 3694 603 3740 lta
613 3701 695 3741 temen
707 3693 812 3741 mutavit
824 3693 891 3750 olim,
903 3696 1046 3742 observante
1059 3695 1216 3750 Ommereno,
1231 3694 1295 3741 Abb.
1310 3693 1411 3746 Colum-

359 3761 437 3806 banus
450 3757 529 3818 Epist.
544 3756 576 3804 ad
589 3758 699 3814 Sethum‚
712 3775 733 3805 v.
749 3763 794 3805 31:
821 3759 886 3813 Quid
901 3761 1027 3808 meminisse
1036 3761 1107 3821 juvat
1119 3767 1240 3806 uansactoe
1249 3760 1339 3819 qaudia
1350 3759 1409 3804 vita.

360 3828 382 3870 8.
402 3825 447 3869 Sed
456 3826 518 3884 quod
530 3823 562 3869 R.
601 3827 637 3869 10.
660 3824 689 3870 Ut
699 3829 799 3884 spretum
810 3824 866 3869 uitio
870 3824 961 3884 judicet
972 3840 1017 3871 esse
1028 3840 1082 3871 nuo.
1098 3823 1128 3870 L.
1144 3823 1172 3870 P.
1193 3830 1315 3885 spretura.
1330 3823 1414 3869 indicit

358 3886 444 3934 vitiose
459 3888 490 3934 G.
536 3891 572 3934 11.
587 3888 635 3933 Hic
652 3903 685 3934 me
697 3894 763 3948 prat.
782 3887 813 3933 G.
860 3891 897 3934 13.
911 3889 1260 3949 Hunccpodilesi,mequeliic
1275 3888 1352 3947 compl
1364 3902 1410 3932 am.

361 3951 417 3997 Bas.
434 3951 464 3998 Ρ.
479 3952 509 3999 Ο.
529 3953 608 4005 Hunc,
620 3953 703 4013 inquit,
715 3952 795 4006 dilexi,
807 3952 845 3997 lic
856 3968 897 3998 me.
912 3952 943 3998 V.
959 3953 1002 3999 Gr.
1020 3951 1187 3999 licmeetiem
1202 3952 1233 3998 R.
1266 3951 1329 3997 Hoec
1340 3949 1414 3997 lectio
1452 4007 1453 4010 Ἰ

358 4013 494 4076 elegantior
505 4015 637 4076 superiore,
649 4015 707 4078 quie
718 4014 793 4062 etism
804 4014 915 4078 sequitur
929 4017 994 4062 Huic
1006 4033 1051 4077 eqo.
1085 4018 1156 4063 Hunc
1171 4017 1249 4078 inquit
1262 4017 1342 4070 diuet,
1355 4031 1412 4062 ωηι-

354 4079 438 4139 plexus
454 4080 502 4138 ‹p'us
518 4082 601 4126 amavi.
622 4080 652 4126 G.
704 4085 740 4127 14.
762 4081 846 4128 Oscula
867 4082 937 4126 multa
955 4083 1015 4128 dedi.
1030 4081 1060 4127 V.
1079 4081 1122 4127 Gr.
1141 4080 1171 4127 G.
1195 4084 1200 4093 ‘
1220 4085 1256 4127 15.
1274 4081 1363 4127 Fundit
1380 4079 1410 4128 L.

360 4144 443 4188 vomitu
454 4145 567 4203 diffundit
581 4143 610 4189 G.
