3228 4982
335 431 385 520 '52
683 423 888 487 Msxmnm
907 423 1056 486 Eusene.

343 575 397 640 Tu
411 574 490 638 mihi
506 573 650 658 flagranti
662 595 846 638 succurrere
861 595 945 658 saepe
960 572 1091 647 solebas,

391 678 500 762 Atque
517 685 610 742 aestus
625 674 723 740 animi
737 673 899 738 ludificare
914 674 989 737 mei.

344 779 398 842 Tu
412 777 491 841 mihi
506 801 562 863 per
576 787 676 841 totam
691 785 793 839 custos
808 774 983 858 gratissima
997 785 1136 849 noctem,

390 881 523 944 Consors
538 878 658 943 laetitiae
673 876 870 962 tristitiasque
885 898 984 942 meae:

345 981 480 1046 Conscia
494 980 605 1044 secreti
620 1001 744 1064 semper
758 976 910 1040 fidissima
923 976 1030 1052 nostri,

391 1082 529 1146 Adstans
544 1081 577 1144 in
592 1081 704 1146 nostris
717 1079 850 1167 pervigil
865 1079 1032 1164 obsequiis,

347 1185 421 1259 Quo
436 1184 494 1249 tibi
509 1183 611 1248 fervor
626 1182 702 1257 abit,
718 1204 886 1267 perquem
901 1181 1031 1245 feritura
1044 1180 1215 1266 placebas?

392 1285 466 1359 Quo
479 1283 537 1348 tibi
554 1283 715 1348 cristatum
729 1281 985 1367 vulniferumque
1000 1281 1118 1366 caput?

349 1387 474 1471 Nempe
484 1386 572 1470 jaces
586 1383 684 1461 nullo,
701 1394 736 1447 ut
751 1383 920 1470 quondam,
937 1383 1054 1447 suffusa
1068 1385 1201 1448 rubore:

393 1485 517 1550 Pallida
530 1485 665 1548 demisso
679 1484 796 1549 vertice
810 1507 926 1568 nempe
936 1486 1034 1569 jaces.

350 1585 405 1650 er
419 1587 478 1651 tibi
492 1585 665 1662 blanditiae,
681 1586 727 1649 nil
741 1585 847 1650 dulcia
861 1586 1001 1650 cannina
1015 1598 1155 1672 prosunt,

393 1690 467 1753 Non
482 1687 636 1776 quidquid
649 1697 792 1752 mentem
807 1687 972 1752 sollicitere
988 1688 1075 1753 solet.

352 1791 406 1855 Sic
419 1790 507 1856 velut
521 1789 659 1876 exposito
673 1788 820 1853 meritam
835 1799 868 1853 te
882 1789 993 1854 funere
1008 1789 1133 1876 plango,

395 1892 531 1969 Occidit,
547 1902 670 1956 assueto
685 1892 771 1978 quod
786 1903 872 1956 caret
886 1892 997 1956 officio.

352 1993 434 2060 Haec
448 2016 508 2078 ego
523 2016 596 2058 cum
611 1992 746 2056 lacrimis
761 1994 898 2060 deducta
910 2017 986 2059 voce
1001 2004 1166 2058 canentem

395 2096 543 2171 Irridens,
559 2093 649 2158 dictis
664 2092 779 2158 talibus
793 2094 956 2180 increpui:

350 2198 440 2262 Dum
455 2197 552 2260 defles
566 2195 663 2260 nostri
678 2195 861 2279 languorem
875 2195 994 2260 femina
1007 2194 1153 2271 membri,

396 2298 545 2364 Ostendis
559 2297 669 2361 morbo
685 2306 717 2360 te
731 2297 872 2380 graviore
887 2297 997 2382 premi.

351 2398 452 2474 Vade,
469 2396 609 2483 inquam,
626 2396 701 2459 felix
715 2419 840 2481 semper
854 2397 997 2460 felicibus
1011 2407 1095 2481 apta,

396 2499 440 2562 Et
453 2498 512 2563 tibi
527 2498 665 2583 cognatis
680 2508 769 2562 utere
786 2497 925 2563 Deliciis·
1345 2505 1406 2562 110

354 2600 415 2666 Illa
429 2600 553 2664 furens:
578 2599 692 2675 Credo,
708 2599 819 2676 nescis,
835 2599 930 2686 quod,
946 2599 1077 2684 perfide,
1093 2600 1168 2677 dixi,

396 2703 470 2766 Non
485 2702 546 2765 fleo
561 2701 727 2786 privatum,
744 2701 800 2765 sed
813 2701 961 2785 generale
977 2702 1080 2766 chaos

355 2802 438 2868 Hoec
453 2825 552 2887 genus
566 2802 751 2877 humanum,
767 2802 936 2887 pecudum,
953 2803 1179 2890 volucmmque
1193 2804 1405 2891 ferarumque,

398 2904 442 2968 Et
455 2903 607 2991 quicquid
620 2912 686 2966 toto
700 2901 796 2988 spirat
810 2901 843 2965 in
859 2903 944 2980 orbe,
961 2914 1055 2968 creat.

355 3005 427 3072 Hac
442 3006 509 3070 sine
523 3005 636 3070 diversi
650 3004 739 3069 nulla
753 3016 800 3069 est
814 3005 980 3072 concordia
993 3029 1102 3070 sexus:
1345 3015 1406 3073 115

398 3109 471 3172 Hac
485 3108 552 3171 sine
567 3106 704 3191 conjugii
717 3107 819 3190 gratia
832 3129 956 3172 summa
969 3108 1060 3192 perit

355 3208 437 3273 Haec
451 3207 593 3290 geminas
607 3216 695 3269 tento
711 3207 894 3288 constringit
908 3207 1026 3270 foedere
1040 3219 1172 3284 mentes,

399 3308 502 3371 Unius
516 3316 553 3370 ut
567 3306 661 3369 faciat
676 3305 810 3389 corporis
825 3327 892 3368 esse
907 3307 994 3370 duos.

263 3489 268 3498 ·
354 3406 492 3473 Pulchra
505 3406 589 3483 licet,
605 3404 751 3491 pretium,
767 3405 792 3468 si
807 3405 898 3482 desit,
913 3405 1032 3471 femine
1046 3408 1158 3494 perdit,

399 3509 480 3574 Haec
495 3508 520 3574 si
535 3507 679 3585 defirerit,
692 3507 739 3572 vir
753 3530 879 3596 quoque
893 3509 992 3596 turpis
1007 3511 1076 3588 erit,
1345 3520 1406 3580 120

356 3610 438 3675 Haec
453 3610 479 3674 si
493 3633 621 3696 gemma
634 3611 754 3675 micans
768 3610 898 3675 rutilum
913 3634 977 3676 non
992 3613 1133 3681 conferat
1146 3637 1267 3694 aurum,

398 3711 570 3775 AEtemum
585 3711 680 3776 fallax
694 3712 953 3799 mortiferumque
968 3736 1077 3796 genus.

355 3813 480 3876 Tecum
495 3836 574 3898 pura
588 3812 675 3888 fides,
692 3823 873 3899 secretaque
889 3824 975 3878 certe
989 3814 1140 3893 locantur,

321 3913 322 3918 ’
399 3915 431 3979 O
444 3937 517 3978 vere
532 3913 678 3999 pretium,
694 3913 953 4001 fructiferumque
967 3915 1109 3980 bonum!

356 4015 484 4079 Cedunt
499 4027 613 4082 cuncta
626 4016 695 4093 tibi,
711 4017 859 4104 quodque
874 4028 922 4081 est
935 4018 1108 4095 sublimius,
1125 4018 1207 4084 ultro
1346 4029 1407 4086 125
