3228 4982
343 465 346 472 ,
419 401 459 464 ln
478 399 725 466 Msxrumuuu
743 400 1064 466 Wnnusuoarmnn.
1224 407 1267 466 69

212 535 328 592 demissa
341 555 463 606 corpore,
479 543 506 590 et
517 536 608 606 legere
623 537 715 590 malim
728 538 848 590 Labitur
860 555 893 591 er
905 536 1024 592 humeris
1036 540 1153 591 demissa
1166 546 1193 592 et
1204 555 1264 592 car·

206 625 278 676 pore
291 611 381 673 uestis,
397 608 461 678 quia
473 607 588 660 demissa
604 607 757 677 frequenter
773 609 859 679 poetis
872 608 971 662 dicitur
982 608 1063 663 vestis
1080 607 1186 678 longior
1197 615 1225 663 et
1235 608 1265 662 in

212 685 312 730 terram
323 678 417 732 fluens.
456 678 535 731 Ovid.
549 677 612 732 Am.
626 677 664 732 iii.
677 683 704 744 2,
718 683 769 732 25:
792 681 851 732 Sed
862 681 972 731 nimium
985 680 1203 748 demissajaceut
1215 680 1266 732 tibi

206 749 300 816 pallia
323 758 409 802 terra.
448 747 544 801 Horat.
567 747 653 800 Serm.
676 748 694 802 i.
715 753 742 814 2,
763 753 815 802 25:
839 749 999 802 Malcbiuus
1023 752 1121 803 tunicis
1141 750 1264 802 demissis

211 819 342 883 ambulat,
357 826 384 870 et
396 818 460 872 ibid.
474 836 498 872 v.
513 823 561 871 99:
581 819 632 870 Aa
642 819 713 872 talos
725 820 796 872 stola
809 821 936 885 demissa,
951 827 978 872 et
989 822 1158 872 circumdata
1171 820 1262 886 palla.

210 893 344 942 -217.
358 889 454 942 Proaa
467 883 613 956 senectus‚]
630 905 692 1012 guse
705 905 787 941 curva
799 889 909 954 cervice,
924 889 1011 958 capite
1024 890 1139 942 demisso
1150 890 1264 942 humum

211 965 323 1027 spectat,
338 966 469 1026 utproaa
483 959 616 1010 animalia
656 957 743 1012 vidius
756 966 783 1012 et
795 959 935 1012 Juvenalis
951 959 1026 1012 dixit.
1063 959 1167 1012 Eadem
1180 977 1263 1013 curua

210 1037 332 1082 senectus
345 1028 454 1082 Tibullo
466 1028 504 1082 iii.
519 1033 544 1093 5,
559 1033 599 1094 16,
611 1034 639 1081 et
651 1028 749 1082 Ovidio
761 1028 797 1083 A.
809 1029 844 1082 A.
858 1029 886 1082 ii.
898 1034 958 1094 670,
971 1031 1102 1082 inclinata
1117 1028 1264 1099 Calpurnio

212 1097 247 1152 V.
260 1103 435 1152 13.--218.
451 1100 576 1162 Terram,
591 1115 646 1166 qua
658 1101 751 1166 qeaita
764 1108 813 1165 est,
825 1095 892 1166 etc]
914 1097 1014 1168 Recepi
1027 1106 1054 1152 et
1067 1099 1194 1152 constitui
1206 1099 1262 1152 lec·

211 1168 321 1234 tionem,
341 1186 422 1239 quam
439 1169 502 1222 libri
520 1169 603 1238 mspti
621 1175 648 1222 et
666 1168 748 1222 editio
762 1169 855 1223 Germ.
869 1177 931 1222 ante
945 1169 1094 1223 Gauricum
1107 1176 1134 1223 et
1151 1169 1262 1223 Ascens.

210 1239 346 1293 exhibent.
366 1257 448 1308 quam
461 1240 586 1292 reditura
602 1245 674 1292 recte
691 1239 790 1292 dieitur
807 1257 855 1309 pro
874 1242 902 1291 ia
920 1239 963 1293 rel
982 1242 1021 1292 ad
1038 1257 1119 1308 quam
1138 1242 1263 1293 reditura

210 1316 259 1362 est.
298 1308 408 1363 Etenim
433 1327 495 1362 cum
519 1309 606 1362 verbis
628 1311 677 1374 ire,
701 1312 801 1376 redire,
824 1312 924 1375 uenire,
948 1313 1079 1376 revenire,
1101 1327 1154 1362 non
1176 1309 1263 1363 solum

210 1379 320 1432 nomina
338 1379 454 1449 propria,
477 1379 524 1432 sed
544 1379 625 1432 etiem
644 1379 806 1449 appellativa
826 1379 954 1445 locorum,
977 1397 1123 1451 eorumque
1140 1379 1261 1445 relativa,

210 1465 274 1502 casu
287 1457 383 1519 quarto
396 1449 453 1502 sine
469 1449 657 1518 praepositione
675 1456 761 1518 poetae
780 1450 809 1502 in
826 1450 920 1519 primis
938 1458 1107 1515 construunt,
1123 1457 1153 1503 ut
1165 1450 1260 1520 praeci-

210 1536 263 1588 pue
278 1520 470 1572 demonstravit
490 1518 615 1572 Sanctius
634 1519 750 1574 Minerv.
769 1519 815 1574 lib.
835 1520 870 1575 ir.
884 1538 943 1590 cap.
959 1525 999 1574 16.
1039 1521 1084 1574 Sic
1104 1520 1155 1575 Vir
1176 1520 1261 1574 .AEn.

210 1589 245 1641 vi.
260 1594 327 1643 6:38:
349 1591 491 1643 Devenere
507 1591 578 1644 locos
595 1591 676 1654 latos,
692 1598 719 1643 et
734 1608 839 1644 amoena
857 1593 953 1655 vireta,
969 1597 1019 1644 etc.
1057 1590 1135 1644 Idem
1185 1590 1260 1644 mvi.

210 1664 277 1713 696:
298 1659 354 1713 bac
366 1661 461 1712 limina
479 1662 587 1714 tendere
605 1662 700 1728 adeqit
709 1681 718 1718 ,·
739 1661 818 1714 Ovid.
834 1660 903 1714 Met.
917 1660 956 1713 iii.
971 1665 1038 1715 462:
1067 1662 1156 1713 Verba
1176 1661 1262 1730 refers

210 1747 291 1783 aures
303 1749 355 1784 aaa
367 1733 561 1798 pervenientia
573 1738 681 1783 rostras
689 1753 699 1788 .·
719 1730 833 1784 Plautus
845 1731 922 1784 Poen.
936 1730 974 1785 iii.
988 1736 1014 1796 6,
1029 1736 1061 1784 4;
1082 1733 1186 1784 utinam
1199 1729 1262 1784 ltine

209 1801 311 1854 abierit
321 1802 422 1853 malam
435 1819 555 1859 crucems
571 1799 680 1869 Apulei.
695 1798 764 1854 Met.
778 1801 814 1854 ix.
829 1818 854 1871 p.
873 1804 938 1854 194:
959 1802 1044 1854 larem
1057 1803 1261 1860 resarciturum·

209 1870 273 1924 ibid.
294 1889 320 1939 p.
344 1875 409 1924 199:
435 1870 543 1924 lartum
563 1873 662 1924 redire.
699 1870 774 1940 Ergo
794 1878 821 1924 et
843 1879 945 1924 terram
967 1873 1057 1924 redire
1077 1870 1260 1924 Maximianus

209 1941 297 1994 dicere
315 1941 413 2010 potuit,
433 1941 461 1995 id
480 1959 514 1993 ue
531 1941 582 1994 hoc
600 1940 696 2011 magia,
713 1942 785 2012 quod
804 1940 897 1994 Latini
914 1940 996 1994 etiam
1013 1941 1165 2063 penitirum
1183 1949 1261 1994 terra

209 2028 258 2080 pro
276 2014 304 2064 ia
321 2020 406 2077 terra,
425 2019 457 2064 ut
492 2014 556 2077 urai,
572 2011 685 2064 subinde
701 2011 873 2080 usur-piarunt.
912 2011 1076 2080 Exempum
1094 2011 1209 2064 vidimus
1227 2012 1262 2065 ad

209 2098 233 2135 r.
246 2086 309 2147 213,
329 2082 358 2134 in
376 2082 435 2134 loco
454 2081 546 2135 Ovidii
557 2081 620 2134 Am.
636 2081 674 2135 iii.
686 2087 714 2148 2,
727 2087 772 2146 25,
793 2089 820 2134 et
838 2081 961 2150 pluribus
979 2081 1108 2150 exemplis
1126 2081 1154 2134 id
1172 2081 1261 2134 firmat

208 2151 412 2205 Drakenborch.
428 2152 463 2204 ad
476 2151 534 2205 Liv.
548 2169 573 2217 v,
588 2156 632 2216 51,
648 2156 806 2205 9.-219.
819 2153 920 2220 Fitque
933 2154 1026 2219 tripes,
1041 2169 1158 2220 prorsus
1171 2154 1260 2220 quad·

208 2218 314 2290 rupes]
336 2220 457 2290 Respicit
469 2223 503 2274 ad
518 2221 636 2276 fabulam
649 2229 676 2274 et
688 2221 805 2291 aenigma
818 2221 955 2291 Sphingis,
970 2223 1003 2275 ab
1017 2221 1118 2291 OEdipo
1131 2222 1258 2287 solutum,

164 2315 172 2328 s
208 2293 280 2361 quod
294 2292 433 2345 Ausonius
449 2292 478 2344 in
492 2292 597 2361 Gripho
610 2292 679 2362 Idyl.
692 2292 729 2345 xi.
742 2309 768 2346 r.
781 2297 816 2346 38
828 2310 868 2362 sq.
887 2292 1004 2345 breviter
1020 2291 1062 2345 his
1080 2292 1167 2345 verbis
1184 2310 1258 2345 com·

208 2362 303 2430 plexus
319 2370 376 2415 est:
397 2364 454 2418 [lla
473 2365 555 2416 etiam
574 2362 709 2415 thalamos
722 2381 777 2430 per
795 2365 869 2416 trina
887 2365 1031 2430 oeaiqruata
1051 2381 1181 2432 quarens,
1204 2364 1261 2425 Qui

207 2433 292 2500 bipes,
315 2441 342 2487 et
362 2435 518 2501 quadrupes
531 2433 620 2502 foret,
640 2442 668 2486 et
686 2435 771 2500 tripes
791 2436 881 2487 amaia
901 2434 982 2497 solus,
1008 2434 1121 2487 Terruit
1139 2434 1260 2486 Aoniam

208 2505 334 2569 volucris,
349 2505 399 2569 leo,
414 2506 500 2571 sirpo,
515 2504 649 2573 triformis
663 2502 781 2570 Spbiar,
796 2505 914 2556 uolucris
927 2505 1035 2571 peanis,
1050 2504 1168 2571 pedibus
1178 2504 1257 2572 fera,

204 2574 298 2639 fronte
309 2574 413 2642 puella.
450 2573 554 2626 Allusit
570 2590 676 2642 quoque
689 2571 772 2638 Naso,
787 2572 903 2626 diversas
916 2579 1009 2624 aetates
1025 2572 1141 2625 hominis
1158 2572 1258 2625 descri-

207 2644 282 2709 bens,
298 2643 366 2698 Met.
380 2661 423 2697 xv.
436 2649 502 2696 221:
522 2644 626 2696 Editus
639 2645 666 2695 iu
679 2644 762 2696 lucem
766 2644 862 2712 jacuit
872 2645 930 2695 siae
942 2643 1046 2696 uiribus
1059 2644 1168 2712 infans.-
1187 2643 1258 2696 Mar

208 2715 365 2782 quadrupes
377 2717 485 2783 rituque
502 2716 566 2767 tulit
581 2731 631 2766 sua
648 2715 766 2766 membra
777 2715 916 2784 ferarum,
932 2719 983 2766 etc.
1023 2712 1080 2779 Qui
1092 2713 1124 2766 de
1139 2713 1259 2782 Sphinge

207 2785 319 2854 ejusque
337 2785 445 2837 oraculo
464 2792 586 2852 egerunt,
601 2783 744 2853 scriptores
762 2791 865 2837 veteres
883 2791 1023 2837 recensent
1043 2783 1115 2853 Aug.
1128 2801 1180 2836 van
1195 2783 1257 2837 Sta-

207 2872 288 2907 reren
304 2855 338 2907 sd
355 2853 458 2924 Hygin.
476 2854 528 2908 fab.
542 2853 615 2906 lxvii.
636 2861 664 2907 et
682 2853 807 2923 Heynlus
825 2854 859 2906 ad
878 2853 1034 2922 Apollodor.
1046 2853 1094 2907 lib.
1107 2853 1145 2906 iii.
1160 2871 1217 2923 cap.
1231 2859 1257 2906 5.

207 2921 230 2993 d.
244 2929 404 2978 8.-220,
417 2925 459 2978 Et
469 2943 523 2993 per
534 2926 608 2978 sard.
614 2925 652 2994 fl.
666 2927 739 2992 repit
750 2919 883 2990 burrum]
914 2923 959 2976 Sic
977 2922 1147 2977 scribendum
1166 2923 1259 2992 putavi

207 2994 291 3047 ductu
312 2996 480 3065 quorundam
501 2993 694 3064 exemplarium
712 3001 889 3058 vetustorum,
909 2993 974 3046 licet
994 2992 1117 3062 impressi
1137 2992 1259 3062 plerique

206 3063 323 3118 habeant
343 3068 431 3133 serpit
450 3065 567 3118 bamam.
605 3064 678 3117 Nem
697 3064 730 3117 de
749 3063 905 3127 infantibus,
926 3063 959 3115 de
979 3062 1076 3133 quibus
1095 3062 1140 3115 hic
1159 3079 1256 3126 sermo,

207 3135 346 3203 proprium
367 3143 408 3188 est
429 3154 523 3204 repere
542 3135 586 3189 rel
604 3144 723 3202 reptare.
762 3132 858 3187 Claud.
880 3132 937 3204 111.
959 3131 1041 3186 cons.
1064 3132 1138 3187 Hou.
1159 3150 1183 3186 v.
1204 3138 1255 3186 22:

208 3205 340 3273 Reptdsti
352 3214 495 3274 peracuta
506 3223 588 3274 puer.
625 3205 663 3258 Et
675 3204 798 3274 pluribus
809 3204 883 3256 hunc
895 3221 975 3257 usum
992 3204 1203 3258 demonstratum
1216 3203 1256 3256 vi·

207 3275 269 3328 deas
290 3293 306 3328 a
326 3276 474 3330 Schradero
493 3275 521 3327 in
541 3275 606 3329 Not.
627 3275 662 3328 ad
681 3275 777 3328 Avien.
793 3275 831 3328 D.
845 3275 880 3329 Ο.
897 3292 922 3328 v.
940 3279 1001 3329 894.
1039 3273 1153 3327 Phrasin
1173 3281 1258 3327 totam

207 3346 346 3415 usurpavit
359 3346 455 3400 Horat.
468 3346 559 3415 Epist.
570 3345 597 3399 ii.
616 3350 638 3417 1,
650 3350 715 3399 251:
735 3364 784 3399 uec
795 3363 929 3399 sermones
942 3363 991 3412 eqo
1004 3345 1111 3398 mallem
1120 3347 1258 3412 Repentes

239 3476 293 3520 214.
306 3475 360 3521 Jam
372 3474 430 3520 mibi
446 3475 513 3534 loaqa
524 3476 588 3520 modo
602 3473 633 3520 G.
653 3475 721 3532 laaqa
737 3479 813 3518 maaet
827 3472 857 3517 R.
897 3475 952 3518 215.
970 3471 1133 3519 Coatrabimur
1144 3470 1181 3516 vcl
1198 3472 1257 3517 Coa·

206 3538 301 3583 terimur
313 3537 344 3584 V.
364 3539 511 3584 decrescimus
522 3539 569 3598 ipsi
584 3537 689 3598 vulgatae
706 3550 797 3583 omnes.
815 3533 857 3580 sed
873 3533 961 3580 melius
977 3536 1132 3588 decrescimus,
1144 3535 1196 3595 ipsa
1208 3534 1256 3580 Di·

206 3603 281 3647 na'aui
294 3601 324 3649 V.
339 3601 368 3649 L.
385 3609 410 3648 et
424 3603 467 3649 Gr.
513 3605 567 3649 216.
587 3603 707 3648 Subruiaui
721 3601 752 3647 R.
800 3603 855 3647 217.
872 3600 927 3646 Noa
942 3599 1020 3644 calum
1034 3598 1065 3645 G.
1087 3599 1142 3644 Nou
1156 3605 1257 3658 spectem

206 3666 258 3712 lieet
270 3665 299 3713 L.
322 3667 662 3728 Neccoelumerspectareiicet
674 3663 750 3712 Basil.
770 3667 950 3724 sedparuasers.
967 3662 999 3710 V.
1014 3662 1058 3709 Gr.
1095 3666 1150 3709 218.
1167 3662 1257 3722 Etjam

205 3729 259 3789 (vel
270 3731 367 3792 terram)
385 3747 432 3792 qua
444 3731 475 3778 V.
488 3733 531 3778 Gr.
552 3729 685 3792 quostiam
703 3729 734 3776 R.
750 3735 775 3776 et
790 3731 820 3777 G.
841 3737 862 3775 et
879 3730 982 3774 reditura
998 3726 1121 3788 pleraque
1138 3725 1253 3788 vulgatus.

206 3810 275 3854 quam
292 3797 396 3842 reditura
413 3796 443 3842 G.
492 3800 547 3844 219.
566 3797 607 3842 Fit
625 3796 702 3854 turpis
714 3810 812 3855 prorem
831 3793 862 3840 G.
887 3809 984 3854 proreta
1000 3793 1173 3853 quadrupesque
1189 3788 1257 3837 dedit

208 3857 308 3918 Bipont.
329 3857 410 3906 nescio
427 3874 478 3922 quo
495 3859 564 3906 duce.
584 3875 642 3905 nam
659 3857 715 3905 libri
732 3857 781 3905 mei
797 3873 882 3904 omnes
900 3856 988 3918 copula
1007 3871 1050 3916 que
1066 3862 1155 3901 carent.
1176 3871 1257 3902 rursus

205 3925 336 3984 quadrupes
348 3923 377 3970 L.
393 3924 424 3970 A.
459 3928 514 3971 220,
532 3925 608 3984 Serpit
622 3924 682 3969 bum.
696 3938 781 3969 omnes
794 3922 907 3984 vulgatae.
927 3922 987 3982 repit
1003 3935 1047 3979 pro
1063 3917 1196 3966 variatione
1212 3935 1255 3979 po·

205 3994 269 4034 nunt
282 3987 313 4034 V.
327 3987 357 4036 L.
374 4003 453 4036 unum
468 3991 528 4050 repit
544 3987 643 4036 exhibet
657 3988 688 4034 G.
708 3985 776 4049 quod
786 4001 871 4034 verum
886 3992 955 4046 puto.
975 3982 1023 4037 vid.
1035 3989 1085 4030 not.
1096 3984 1175 4045 flebile
1187 3984 1253 4031 Pith.

205 4050 402 4112 interpunctione
419 4051 557 4114 distinguit,
574 4067 623 4098 non
638 4050 708 4098 rnale.
726 4053 813 4110 probat
830 4049 895 4096 idem
909 4049 1043 4096 Burmann.
1060 4047 1161 4096 Anthol.
1176 4048 1223 4096 vol.
1238 4047 1254 4094 i.

206 4131 229 4175 p.
245 4119 298 4164 196.
346 4123 401 4165 221.
421 4119 493 4164 Ortus
509 4125 597 4163 cuncta.
634 4117 691 4162 Hoc
707 4122 732 4162 et
747 4130 850 4178 sequens
866 4113 988 4162 distichon
1002 4112 1027 4160 in
1041 4112 1106 4161 Lan.
1118 4120 1199 4174 mspto
1213 4127 1256 4172 po-

206 4179 274 4227 nitur
285 4189 340 4242 post
351 4196 410 4229 vers.
424 4185 479 4240 234,
491 4179 575 4229 ordine
587 4195 636 4229 non
647 4178 755 4227 meliore.
