3228 4982
471 461 557 528 Vrrn
573 485 615 528 nr
631 467 723 530 Acrx
744 465 960 530 Mnxrnnnnr.
1135 497 1136 500 ¹
1230 470 1252 529 9

248 611 298 678 Ex
312 614 360 678 his
380 613 501 678 indiciis
520 616 647 680 Delrius
667 617 699 679 in
717 617 797 681 notis
818 615 859 680 ad
882 617 1012 682 Senecae
1032 617 1250 704 Hippolytum,

202 724 272 786 pag.
287 707 339 775 93,
358 701 526 764 Goldastus
540 702 652 785 praefat
669 703 710 765 ad
732 702 894 766 Catalecta
917 702 1033 778 Ovidii,
1055 725 1128 766 curn
1151 725 1253 790 eoque

204 786 359 850 Daumius
374 786 463 870 epist.
476 787 517 849 ad
535 787 671 851 Reineis.
684 794 736 863 80,
749 788 835 853 haud
848 799 969 851 temere
984 787 1143 872 colligunt,
1159 787 1253 852 Max-

202 872 355 936 imianum
375 882 515 935 nostrum
537 872 727 960 σύγχρονον
746 873 934 937 Theodorici
956 874 1053 957 Regis
1073 885 1105 938 et
1127 875 1254 938 Boethii

203 957 306 1020 fuisse.
354 957 418 1020 Sed
432 958 518 1043 quod
532 958 573 1020 ad
588 957 831 1022 familiaritatem
847 959 914 1043 ejus
934 982 1007 1022 cum
1027 959 1162 1024 Boethio
1182 959 1255 1022 atti·
1318 961 1321 964 ’

202 1053 267 1117 net,
280 1042 413 1105 dubium
429 1043 574 1105 adversus
590 1065 660 1106 eam
678 1043 811 1107 Moneta
826 1045 858 1106 in
876 1044 1084 1128 Menagianis,
1097 1068 1167 1129 pag.
1179 1051 1253 1108 338.

202 1138 317 1202 movet,
335 1151 408 1190 cum
428 1151 468 1190 ex
484 1128 653 1192 variatione
676 1129 811 1194 nominis
835 1129 960 1205 Boethi,
977 1131 1010 1192 in
1025 1129 1255 1215 exemplaribus

203 1213 336 1296 vulgatis
351 1213 548 1299 reperiunda,
564 1237 636 1299 quaa
651 1225 687 1277 ut
700 1215 872 1299 plurimum
887 1215 1025 1279 habeant
1041 1219 1169 1291 Boleti,
1185 1226 1254 1278 turn

205 1298 318 1360 exinde
342 1299 448 1374 etiam,
472 1299 557 1384 quod
578 1299 744 1362 verisimile
768 1322 831 1362 non
855 1300 903 1376 sit,
927 1300 992 1364 viro
1016 1311 1081 1363 tam
1105 1301 1197 1364 docto
1223 1311 1256 1364 et

204 1383 346 1468 sapienti,
360 1393 401 1458 et,
414 1385 499 1469 quod
510 1384 560 1447 hic
571 1384 708 1448 maxime
720 1385 948 1449 attendendum
961 1397 1016 1462 est,
1030 1386 1125 1449 etiam
1136 1386 1256 1470 optimo

204 1480 316 1554 poetae,
333 1469 432 1554 qualis
448 1469 541 1532 fuerit
561 1470 723 1545 Boethius,
740 1480 858 1534 arctam
874 1471 953 1535 adeo
971 1472 1142 1534 amicitiam
1159 1471 1257 1534 inter·

205 1554 318 1617 cedere
331 1555 466 1638 potuisse
482 1577 555 1617 cum
569 1555 739 1619 miserabili
754 1557 970 1632 versificatore,
987 1557 1113 1620 homine
1131 1557 1257 1622 indocto

205 1650 237 1702 et
252 1640 347 1715 fatuo,
364 1640 490 1725 qualem
509 1641 574 1725 ipse
592 1640 689 1704 habet
708 1641 950 1705 Maximianum.
996 1643 1041 1704 At
1058 1665 1132 1706 vero
1149 1654 1258 1706 monet

207 1725 385 1800 GoldastuS,
402 1726 465 1789 duo
480 1727 608 1810 scriptos
626 1727 748 1790 codices
768 1738 800 1790 et
817 1738 956 1790 veterem
977 1727 1147 1790 editionem
1169 1728 1258 1790 Pari·
1307 1787 1312 1796 .

206 1810 340 1874 siensem
355 1810 460 1893 legere
477 1814 607 1886 Boleti,
624 1823 665 1886 et,
703 1813 767 1875 uod
781 1811 814 1875 in
829 1812 962 1895 vulgatis
978 1823 1033 1887 est,
1047 1814 1176 1887 Boleti,
1191 1836 1257 1876 esse

206 1919 226 1958 a
247 1919 345 1958 manu
367 1897 477 1980 Pomp.
498 1896 636 1960 Gauriei.
714 1908 789 1996 tque
813 1921 871 1981 ego
893 1897 1047 1960 affirmare
1069 1920 1205 1982 possum,
1223 1899 1257 1962 in

207 1981 422 2066 antiquissima
441 1981 578 2047 editione
601 1983 799 2058 Gemanica,
819 2007 891 2069 quae
909 1983 950 2046 ad
969 2006 1081 2046 manus
1101 1993 1157 2058 est,
1174 1994 1206 2047 et
1224 1984 1257 2046 in

206 2067 329 2129 duobus
350 2067 577 2151 manuscriptis,
599 2090 732 2154 quorum
756 2069 934 2133 collationes
957 2069 1063 2145 habui,
1083 2069 1165 2132 clare
1187 2093 1258 2153 per-

207 2152 357 2236 scriptum
373 2163 478 2216 extare
495 2155 579 2217 botta?
587 2183 599 2229 ,·
622 2177 662 2216 ne
685 2175 725 2216 ue
741 2155 874 2217 dubium
889 2164 936 2217 est
950 2154 1038 2229 mihi,
1054 2155 1137 2217 inter
1153 2154 1258 2239 plures

207 2237 331 2300 fraudes
354 2237 493 2313 Gaurici,
511 2238 625 2323 quibus
647 2177 879 2303 Maximianum
899 2249 1060 2303 auctorem
1079 2238 1188 2303 tollere
1204 2263 1259 2304 vo-

208 2323 275 2398 luit,
301 2323 396 2386 etiam
420 2324 502 2386 hanc
528 2324 631 2400 fuisse,
659 2336 695 2387 ut
720 2347 836 2389 nomen
863 2327 962 2390 Boni
985 2324 1018 2387 in
1042 2326 1202 2389 obscurius
1226 2337 1259 2389 et

207 2407 342 2491 ignotius
373 2411 493 2474 Bobeti
523 2420 744 2495 corrumperet,
775 2433 876 2496 eoque
906 2411 1015 2485 astutia,
1047 2433 1111 2496 qua
1135 2411 1260 2475 vixisset

207 2504 324 2569 auctor,
343 2494 508 2577 vestigium
529 2495 657 2558 deleret.
704 2496 910 2559 Adulterum
931 2496 1016 2580 quod
1036 2497 1156 2572 attinet,
1176 2495 1261 2561 Bo'e-

207 2579 309 2642 thium
325 2579 415 2642 illum
429 2600 580 2663 magnum
596 2579 815 2666 philosophum
831 2591 863 2644 et
879 2592 1005 2666 poetam
1025 2604 1045 2644 a
1063 2580 1260 2645 Maximiano

209 2664 385 2748 significari,
398 2687 439 2729 ex
452 2664 562 2748 elogio
575 2667 660 2752 quod
671 2667 716 2729 illi
731 2667 850 2742 tribuit,
865 2667 937 2730 satis
949 2689 988 2752 ap
1011 2689 1098 2730 arere
1110 2667 1259 2731 arbitror:

209 2752 412 2837 Magnarum
427 2762 591 2816 scrutator
606 2755 747 2818 maxime
758 2777 874 2817 rernm.
912 2751 979 2815 Eru
1002 2751 1104 2816 'tionis
1120 2763 1152 2816 et
1163 2752 1261 2817 facul·

208 2835 280 2898 tatis
298 2836 429 2920 poeticae
449 2836 482 2898 in
504 2835 639 2901 Bo'c'thio
662 2847 694 2900 et
718 2837 913 2900 Maximiano
935 2848 1059 2901 tantum
1081 2839 1260 2914 discrimen,

209 2930 245 2983 ut
268 2921 398 3006 quidem
423 2920 558 2986 Moneta
582 2922 658 2998 vult,
682 2946 745 2986 non
772 2934 827 2998 est,
852 2933 887 2986 ut
912 2934 1077 3007 propterea
1101 2923 1262 2986 familiaris

209 3005 291 3068 inter
305 3030 357 3070 eos
373 3008 564 3070 consuetudo
580 3030 645 3070 esse
661 3029 725 3070 non
739 3007 884 3091 potuerit.
920 3007 1033 3093 Neque
1048 3008 1262 3071 Maximianus

209 3105 276 3154 tam
302 3092 405 3155 fatuus
431 3102 464 3156 et
487 3093 627 3176 abjectus
653 3092 757 3168 homo,
782 3103 836 3156 aut
864 3091 1016 3156 Boethius
1041 3103 1107 3156 tam
1129 3093 1262 3156 incivilis

211 3178 385 3241 censendus
408 3188 464 3254 est,
487 3189 524 3241 ut
546 3189 650 3262 posset
672 3177 834 3241 hominem
856 3178 1028 3242 studiosum
1051 3179 1108 3255 sui,
1132 3202 1151 3242 a
1172 3179 1262 3243 vultu

211 3262 360 3348 adituque
381 3286 436 3326 suo
456 3264 594 3348 rejicere.
641 3264 727 3337 Quin
746 3264 849 3349 ipsum
869 3264 1051 3341 Boethium,
1069 3265 1171 3328 virum
1191 3287 1263 3349 gra·

210 3371 281 3411 vem
302 3359 335 3412 et
353 3349 491 3423 doctum,
511 3372 610 3435 quum
628 3349 765 3412 amicitia
784 3350 930 3432 dignatus
951 3349 1184 3414 Maximianum
1204 3362 1260 3427 est,

210 3434 295 3496 haud
314 3457 431 3497 vanum
451 3434 481 3496 ei
500 3435 713 3498 testimonium
733 3435 897 3519 perhibere
918 3435 1060 3499 existimo
1080 3435 1263 3499 eruditionis

211 3530 244 3581 et
258 3518 375 3602 ingenii
387 3542 450 3582 non
462 3520 597 3583 absurdi.
630 3521 713 3584 Cum
723 3521 832 3584 multae
845 3521 952 3583 adesse
965 3543 1080 3584 caussae
1092 3531 1263 3605 potuerunt

211 3604 357 3669 amicitiae
372 3605 454 3667 inter
469 3628 521 3668 eos
537 3605 768 3680 contrahendae,
784 3628 861 3690 quas
881 3603 973 3666 hodie
989 3605 1176 3688 ignoramur,
1193 3616 1262 3669 turn

211 3687 243 3752 in
269 3689 377 3774 primis
401 3690 573 3754 studiorum
600 3701 696 3776 atque
718 3691 872 3754 honorum
896 3701 1055 3772 gestorum
1081 3689 1261 3767 similitudo,

210 3797 267 3858 par
282 3775 416 3858 dignitas
431 3787 463 3838 et
478 3776 653 3839 communis
667 3776 712 3839 rei
729 3775 865 3860 publicae
884 3774 1109 3839 administratio
1130 3775 1263 3842 familia-

211 3860 335 3943 ritatem
358 3861 441 3924 inter
464 3884 516 3925 eos
540 3862 688 3924 conflasse
711 3861 843 3924 videtur.
889 3861 1143 3947 Quantascunque
1167 3863 1262 3925 etiam

212 3943 306 4010 fuerit
323 3946 449 4010 Boethii
467 3947 611 4032 dignitas,
629 3969 693 4010 non
711 3947 865 4010 minorem
885 3946 978 4010 fuisse
1001 3946 1189 4010 Maximiani
1210 3971 1264 4010 ex-

213 4029 325 4106 istimo,
364 4032 397 4095 ui
413 4033 471 4096 Vir
490 4032 621 4096 illustris
639 4033 724 4117 apud
744 4032 962 4096 Cassiodorum
983 4033 1080 4108 audit,
1099 4043 1131 4096 et
1151 4056 1224 4097 cum
1245 4057 1265 4096 a

216 4116 305 4200 Rege
337 4055 534 4184 'l‘heodorico
562 4119 595 4182 in
627 4119 792 4209 Orientem
819 4119 930 4182 missus
956 4117 1119 4203 splendido
1150 4118 1263 4202 Legati
