<?xml version="1.0" encoding="UTF-8"?>
<!DOCTYPE html PUBLIC "-//W3C//DTD XHTML 1.0 Transitional//EN"
    "http://www.w3.org/TR/xhtml1/DTD/xhtml1-transitional.dtd">
<html xmlns="http://www.w3.org/1999/xhtml" xml:lang="en" lang="en">
 <head>
  <title>
</title>
<meta http-equiv="Content-Type" content="text/html;charset=utf-8" />
  <meta name='ocr-system' content='tesseract 3.04.00' />
  <meta name='ocr-capabilities' content='ocr_page ocr_carea ocr_par ocr_line ocrx_word'/>
</head>
<body>
  <div class='ocr_page' id='page_1' title='image "./elegiaesexexrec00gilegoog_0022.png"; bbox 0 0 3228 4982; ppageno 0'>
   <div class='ocr_carea' id='block_1_1' title="bbox 477 474 1245 548">
    <p class='ocr_par' dir='ltr' id='par_1_1' title="bbox 477 474 1245 548">
     <span class='ocr_line' id='line_1_1' title="bbox 477 474 1245 548; baseline -0.005 0"><span class='ocrx_word' id='word_1_1' title='bbox 477 474 565 548; x_wconf 76' lang='lat' dir='ltr'>Vrrn</span> <span class='ocrx_word' id='word_1_2' title='bbox 580 505 622 548; x_wconf 84' lang='lat' dir='ltr'>nr</span> <span class='ocrx_word' id='word_1_3' title='bbox 638 486 731 548; x_wconf 76' lang='lat' dir='ltr'>Acin</span> <span class='ocrx_word' id='word_1_4' title='bbox 751 483 965 547; x_wconf 76' lang='lat' dir='ltr'>Mnmnmnr.</span> <span class='ocrx_word' id='word_1_5' title='bbox 1209 485 1245 544; x_wconf 84' lang='lat'>11</span> 
     </span>
    </p>
   </div>
   <div class='ocr_carea' id='block_1_2' title="bbox 198 632 1272 3192">
    <p class='ocr_par' dir='ltr' id='par_1_2' title="bbox 198 632 1272 3192">
     <span class='ocr_line' id='line_1_2' title="bbox 198 632 1249 734; baseline 0 -38"><span class='ocrx_word' id='word_1_6' title='bbox 198 632 325 698; x_wconf 85' lang='lat' dir='ltr'>lieentia</span> <span class='ocrx_word' id='word_1_7' title='bbox 335 634 604 720; x_wconf 74' lang='lat' dir='ltr'>Constantinopoli</span> <span class='ocrx_word' id='word_1_8' title='bbox 616 648 692 711; x_wconf 88' lang='lat' dir='ltr'>erat,</span> <span class='ocrx_word' id='word_1_9' title='bbox 705 636 890 734; x_wconf 78' lang='lat' dir='ltr'>copiosaque</span> <span class='ocrx_word' id='word_1_10' title='bbox 901 635 1051 698; x_wconf 92' lang='lat' dir='ltr'>lenonum</span> <span class='ocrx_word' id='word_1_11' title='bbox 1063 645 1096 697; x_wconf 92' lang='lat' dir='ltr'>et</span> <span class='ocrx_word' id='word_1_12' title='bbox 1106 633 1249 697; x_wconf 88' lang='lat' dir='ltr'>lenarum</span> 
     </span>
     <span class='ocr_line' id='line_1_3' title="bbox 199 719 1251 804; baseline 0 -22"><span class='ocrx_word' id='word_1_13' title='bbox 199 720 327 795; x_wconf 87' lang='lat' dir='ltr'>familia,</span> <span class='ocrx_word' id='word_1_14' title='bbox 346 721 431 783; x_wconf 92' lang='lat' dir='ltr'>unde</span> <span class='ocrx_word' id='word_1_15' title='bbox 450 721 591 784; x_wconf 78' lang='lat' dir='ltr'>submitti</span> <span class='ocrx_word' id='word_1_16' title='bbox 612 733 644 784; x_wconf 91' lang='lat' dir='ltr'>et</span> <span class='ocrx_word' id='word_1_17' title='bbox 658 722 810 785; x_wconf 87' lang='lat' dir='ltr'>venditari</span> <span class='ocrx_word' id='word_1_18' title='bbox 831 722 998 785; x_wconf 80' lang='lat' dir='ltr'>libidinum</span> <span class='ocrx_word' id='word_1_19' title='bbox 1017 719 1175 804; x_wconf 87' lang='lat' dir='ltr'>mancipia</span> <span class='ocrx_word' id='word_1_20' title='bbox 1194 742 1251 803; x_wconf 89' lang='lat' dir='ltr'>po·-</span> 
     </span>
     <span class='ocr_line' id='line_1_4' title="bbox 199 804 1250 892; baseline -0.002 -24"><span class='ocrx_word' id='word_1_21' title='bbox 199 815 303 870; x_wconf 91' lang='lat' dir='ltr'>terant</span> <span class='ocrx_word' id='word_1_22' title='bbox 317 806 358 868; x_wconf 91' lang='lat' dir='ltr'>ad</span> <span class='ocrx_word' id='word_1_23' title='bbox 372 804 603 892; x_wconf 88' lang='lat' dir='ltr'>illaqueandam</span> <span class='ocrx_word' id='word_1_24' title='bbox 619 809 810 871; x_wconf 84' lang='lat' dir='ltr'>advenarum</span> <span class='ocrx_word' id='word_1_25' title='bbox 825 807 1079 892; x_wconf 80' lang='lat' dir='ltr'>imprudentiam.</span> <span class='ocrx_word' id='word_1_26' title='bbox 1119 804 1250 868; x_wconf 88' lang='lat' dir='ltr'>Probari</span> 
     </span>
     <span class='ocr_line' id='line_1_5' title="bbox 200 891 1251 977; baseline 0 -25"><span class='ocrx_word' id='word_1_27' title='bbox 200 891 259 954; x_wconf 88' lang='lat' dir='ltr'>hoc</span> <span class='ocrx_word' id='word_1_28' title='bbox 274 914 292 954; x_wconf 87' lang='lat' dir='ltr'>e</span> <span class='ocrx_word' id='word_1_29' title='bbox 306 891 448 976; x_wconf 89' lang='lat' dir='ltr'>pluribus</span> <span class='ocrx_word' id='word_1_30' title='bbox 463 891 537 955; x_wconf 90' lang='lat' dir='ltr'>locis</span> <span class='ocrx_word' id='word_1_31' title='bbox 552 893 736 977; x_wconf 83' lang='lat' dir='ltr'>scriptorum</span> <span class='ocrx_word' id='word_1_32' title='bbox 751 893 834 955; x_wconf 91' lang='lat' dir='ltr'>illius</span> <span class='ocrx_word' id='word_1_33' title='bbox 852 892 1008 976; x_wconf 73' lang='lat' dir='ltr'>temporis</span> <span class='ocrx_word' id='word_1_34' title='bbox 1026 902 1058 954; x_wconf 90' lang='lat' dir='ltr'>et</span> <span class='ocrx_word' id='word_1_35' title='bbox 1074 891 1211 953; x_wconf 89' lang='lat' dir='ltr'>maxime</span> <span class='ocrx_word' id='word_1_36' title='bbox 1231 912 1251 952; x_wconf 86' lang='lat' dir='ltr'>e</span> 
     </span>
     <span class='ocr_line' id='line_1_6' title="bbox 202 975 1251 1062; baseline 0 -24"><span class='ocrx_word' id='word_1_37' title='bbox 202 976 302 1040; x_wconf 90' lang='lat' dir='ltr'>Proco</span> <span class='ocrx_word' id='word_1_38' title='bbox 324 977 354 1040; x_wconf 93' lang='lat' dir='ltr'>io</span> <span class='ocrx_word' id='word_1_39' title='bbox 369 978 410 1039; x_wconf 90' lang='lat' dir='ltr'>de</span> <span class='ocrx_word' id='word_1_40' title='bbox 425 977 508 1042; x_wconf 84' lang='lat' dir='ltr'>aedif.</span> <span class='ocrx_word' id='word_1_41' title='bbox 524 978 603 1040; x_wconf 89' lang='lat' dir='ltr'>Just.</span> <span class='ocrx_word' id='word_1_42' title='bbox 619 987 652 1041; x_wconf 90' lang='lat' dir='ltr'>et</span> <span class='ocrx_word' id='word_1_43' title='bbox 667 979 789 1042; x_wconf 87' lang='lat' dir='ltr'>Anecd.</span> <span class='ocrx_word' id='word_1_44' title='bbox 805 979 875 1041; x_wconf 91' lang='lat' dir='ltr'>hist.</span> <span class='ocrx_word' id='word_1_45' title='bbox 893 987 1004 1062; x_wconf 88' lang='lat' dir='ltr'>potest.</span> <span class='ocrx_word' id='word_1_46' title='bbox 1052 976 1117 1039; x_wconf 86' lang='lat' dir='ltr'>Sed</span> <span class='ocrx_word' id='word_1_47' title='bbox 1136 975 1251 1058; x_wconf 89' lang='lat' dir='ltr'>legatio</span> 
     </span>
     <span class='ocr_line' id='line_1_7' title="bbox 200 999 1254 1148; baseline -0.002 -24"><span class='ocrx_word' id='word_1_48' title='bbox 200 1061 254 1124; x_wconf 89' lang='lat' dir='ltr'>illa</span> <span class='ocrx_word' id='word_1_49' title='bbox 267 999 463 1126; x_wconf 70' lang='lat' dir='ltr'>Miiximiano</span> <span class='ocrx_word' id='word_1_50' title='bbox 478 1086 497 1126; x_wconf 89' lang='lat' dir='ltr'>a</span> <span class='ocrx_word' id='word_1_51' title='bbox 509 1063 541 1125; x_wconf 87' lang='lat' dir='ltr'>T</span> <span class='ocrx_word' id='word_1_52' title='bbox 541 1063 706 1127; x_wconf 86' lang='lat' dir='ltr'>heoderico</span> <span class='ocrx_word' id='word_1_53' title='bbox 720 1065 879 1138; x_wconf 87' lang='lat' dir='ltr'>mandata,</span> <span class='ocrx_word' id='word_1_54' title='bbox 890 1085 1037 1148; x_wconf 87' lang='lat' dir='ltr'>quaenam</span> <span class='ocrx_word' id='word_1_55' title='bbox 1049 1073 1081 1124; x_wconf 94' lang='lat' dir='ltr'>et</span> <span class='ocrx_word' id='word_1_56' title='bbox 1093 1084 1155 1147; x_wconf 94' lang='lat' dir='ltr'>quo</span> <span class='ocrx_word' id='word_1_57' title='bbox 1170 1071 1254 1123; x_wconf 82' lang='lat' dir='ltr'>tem-</span> 
     </span>
     <span class='ocr_line' id='line_1_8' title="bbox 200 1147 1252 1233; baseline -0.003 -23"><span class='ocrx_word' id='word_1_58' title='bbox 200 1170 275 1232; x_wconf 86' lang='lat' dir='ltr'>pore</span> <span class='ocrx_word' id='word_1_59' title='bbox 290 1159 434 1232; x_wconf 84' lang='lat' dir='ltr'>suscepta</span> <span class='ocrx_word' id='word_1_60' title='bbox 452 1149 553 1224; x_wconf 83' lang='lat' dir='ltr'>luerit,</span> <span class='ocrx_word' id='word_1_61' title='bbox 572 1149 678 1233; x_wconf 86' lang='lat' dir='ltr'>paullo</span> <span class='ocrx_word' id='word_1_62' title='bbox 698 1149 871 1212; x_wconf 83' lang='lat' dir='ltr'>accuratius</span> <span class='ocrx_word' id='word_1_63' title='bbox 891 1149 1015 1212; x_wconf 86' lang='lat' dir='ltr'>videtur</span> <span class='ocrx_word' id='word_1_64' title='bbox 1034 1147 1252 1232; x_wconf 76' lang='lat' dir='ltr'>quaerendum.</span> 
     </span>
     <span class='ocr_line' id='line_1_9' title="bbox 203 1231 1253 1318; baseline -0.001 -23"><span class='ocrx_word' id='word_1_65' title='bbox 203 1233 287 1296; x_wconf 89' lang='lat' dir='ltr'>Nam</span> <span class='ocrx_word' id='word_1_66' title='bbox 312 1233 337 1296; x_wconf 94' lang='lat' dir='ltr'>si</span> <span class='ocrx_word' id='word_1_67' title='bbox 361 1233 520 1296; x_wconf 87' lang='lat' dir='ltr'>historicos</span> <span class='ocrx_word' id='word_1_68' title='bbox 545 1257 582 1296; x_wconf 88' lang='lat' dir='ltr'>ea</span> <span class='ocrx_word' id='word_1_69' title='bbox 606 1235 645 1296; x_wconf 90' lang='lat' dir='ltr'>de</span> <span class='ocrx_word' id='word_1_70' title='bbox 669 1257 702 1297; x_wconf 90' lang='lat' dir='ltr'>re</span> <span class='ocrx_word' id='word_1_71' title='bbox 727 1235 925 1308; x_wconf 68' lang='lat' dir='ltr'>consulimus</span> <span class='ocrx_word' id='word_1_72' title='bbox 950 1232 1055 1318; x_wconf 89' lang='lat' dir='ltr'>plures</span> <span class='ocrx_word' id='word_1_73' title='bbox 1081 1231 1253 1315; x_wconf 89' lang='lat' dir='ltr'>legationes</span> 
     </span>
     <span class='ocr_line' id='line_1_10' title="bbox 200 1317 1272 1403; baseline -0.002 -24"><span class='ocrx_word' id='word_1_74' title='bbox 200 1318 334 1400; x_wconf 89' lang='lat' dir='ltr'>legimus</span> <span class='ocrx_word' id='word_1_75' title='bbox 354 1341 373 1382; x_wconf 97' lang='lat' dir='ltr'>a</span> <span class='ocrx_word' id='word_1_76' title='bbox 391 1318 587 1382; x_wconf 90' lang='lat' dir='ltr'>Theodorico</span> <span class='ocrx_word' id='word_1_77' title='bbox 610 1320 652 1385; x_wconf 88' lang='lat' dir='ltr'>ad</span> <span class='ocrx_word' id='word_1_78' title='bbox 675 1320 813 1384; x_wconf 84' lang='lat' dir='ltr'>Orientis</span> <span class='ocrx_word' id='word_1_79' title='bbox 830 1321 1036 1403; x_wconf 86' lang='lat' dir='ltr'>Imperatores</span> <span class='ocrx_word' id='word_1_80' title='bbox 1051 1317 1159 1380; x_wconf 88' lang='lat' dir='ltr'>missas</span> <span class='ocrx_word' id='word_1_81' title='bbox 1174 1339 1250 1391; x_wconf 91' lang='lat' dir='ltr'>esse,</span> <span class='ocrx_word' id='word_1_82' title='bbox 1269 1368 1272 1372; x_wconf 95' lang='lat'>.</span> 
     </span>
     <span class='ocr_line' id='line_1_11' title="bbox 200 1402 1252 1488; baseline -0.003 -22"><span class='ocrx_word' id='word_1_83' title='bbox 200 1413 233 1466; x_wconf 86' lang='lat' dir='ltr'>et</span> <span class='ocrx_word' id='word_1_84' title='bbox 261 1403 295 1465; x_wconf 91' lang='lat' dir='ltr'>in</span> <span class='ocrx_word' id='word_1_85' title='bbox 324 1404 372 1466; x_wconf 92' lang='lat' dir='ltr'>his</span> <span class='ocrx_word' id='word_1_86' title='bbox 401 1405 476 1466; x_wconf 89' lang='lat' dir='ltr'>alios</span> <span class='ocrx_word' id='word_1_87' title='bbox 505 1405 671 1468; x_wconf 87' lang='lat' dir='ltr'>memorari</span> <span class='ocrx_word' id='word_1_88' title='bbox 701 1405 827 1488; x_wconf 67' lang='lat' dir='ltr'>legatos</span> <span class='ocrx_word' id='word_1_89' title='bbox 854 1405 977 1468; x_wconf 93' lang='lat' dir='ltr'>nullum</span> <span class='ocrx_word' id='word_1_90' title='bbox 1009 1402 1252 1466; x_wconf 81' lang='lat' dir='ltr'>Maximianum.</span> 
     </span>
     <span class='ocr_line' id='line_1_12' title="bbox 203 1487 1252 1576; baseline -0.002 -26"><span class='ocrx_word' id='word_1_91' title='bbox 203 1488 360 1576; x_wconf 86' lang='lat' dir='ltr'>Excerpta</span> <span class='ocrx_word' id='word_1_92' title='bbox 373 1489 485 1552; x_wconf 86' lang='lat' dir='ltr'>incerti</span> <span class='ocrx_word' id='word_1_93' title='bbox 499 1491 642 1565; x_wconf 89' lang='lat' dir='ltr'>auctoris,</span> <span class='ocrx_word' id='word_1_94' title='bbox 661 1513 733 1576; x_wconf 88' lang='lat' dir='ltr'>quae</span> <span class='ocrx_word' id='word_1_95' title='bbox 750 1491 892 1554; x_wconf 88' lang='lat' dir='ltr'>Valesius</span> <span class='ocrx_word' id='word_1_96' title='bbox 913 1489 1084 1552; x_wconf 84' lang='lat' dir='ltr'>Ammiano</span> <span class='ocrx_word' id='word_1_97' title='bbox 1107 1487 1252 1550; x_wconf 88' lang='lat' dir='ltr'>Marcell.</span> 
     </span>
     <span class='ocr_line' id='line_1_13' title="bbox 202 1572 1254 1658; baseline -0.002 -22"><span class='ocrx_word' id='word_1_98' title='bbox 202 1575 354 1658; x_wconf 85' lang='lat' dir='ltr'>adjunxit,</span> <span class='ocrx_word' id='word_1_99' title='bbox 377 1586 562 1650; x_wconf 88' lang='lat' dir='ltr'>memorant,</span> <span class='ocrx_word' id='word_1_100' title='bbox 586 1576 668 1640; x_wconf 81' lang='lat' dir='ltr'>vieto</span> <span class='ocrx_word' id='word_1_101' title='bbox 695 1577 839 1640; x_wconf 85' lang='lat' dir='ltr'>Odoacre</span> <span class='ocrx_word' id='word_1_102' title='bbox 860 1575 990 1638; x_wconf 89' lang='lat' dir='ltr'>missum</span> <span class='ocrx_word' id='word_1_103' title='bbox 1013 1597 1032 1638; x_wconf 87' lang='lat' dir='ltr'>a</span> <span class='ocrx_word' id='word_1_104' title='bbox 1054 1572 1254 1636; x_wconf 89' lang='lat' dir='ltr'>Theodorico</span> 
     </span>
     <span class='ocr_line' id='line_1_14' title="bbox 204 1657 1253 1746; baseline -0.003 -24"><span class='ocrx_word' id='word_1_105' title='bbox 204 1659 333 1723; x_wconf 84' lang='lat' dir='ltr'>Festum</span> <span class='ocrx_word' id='word_1_106' title='bbox 356 1660 397 1723; x_wconf 89' lang='lat' dir='ltr'>ad</span> <span class='ocrx_word' id='word_1_107' title='bbox 421 1661 583 1724; x_wconf 92' lang='lat' dir='ltr'>Zenonem</span> <span class='ocrx_word' id='word_1_108' title='bbox 608 1662 688 1746; x_wconf 94' lang='lat' dir='ltr'>Imp.</span> <span class='ocrx_word' id='word_1_109' title='bbox 711 1662 751 1724; x_wconf 92' lang='lat' dir='ltr'>de</span> <span class='ocrx_word' id='word_1_110' title='bbox 773 1684 912 1746; x_wconf 86' lang='lat' dir='ltr'>purpura</span> <span class='ocrx_word' id='word_1_111' title='bbox 935 1672 968 1724; x_wconf 90' lang='lat' dir='ltr'>et</span> <span class='ocrx_word' id='word_1_112' title='bbox 990 1659 1076 1743; x_wconf 90' lang='lat' dir='ltr'>regia</span> <span class='ocrx_word' id='word_1_113' title='bbox 1099 1657 1253 1740; x_wconf 88' lang='lat' dir='ltr'>dignitate</span> 
     </span>
     <span class='ocr_line' id='line_1_15' title="bbox 202 1746 1252 1833; baseline -0.002 -25"><span class='ocrx_word' id='word_1_114' title='bbox 202 1746 373 1808; x_wconf 88' lang='lat' dir='ltr'>sumenda:</span> <span class='ocrx_word' id='word_1_115' title='bbox 412 1749 613 1811; x_wconf 71' lang='lat' dir='ltr'>Eumaeus</span> <span class='ocrx_word' id='word_1_116' title='bbox 641 1750 837 1833; x_wconf 78' lang='lat' dir='ltr'>legationem</span> <span class='ocrx_word' id='word_1_117' title='bbox 872 1748 1092 1810; x_wconf 80' lang='lat' dir='ltr'>Theodericus</span> <span class='ocrx_word' id='word_1_118' title='bbox 1120 1746 1252 1807; x_wconf 79' lang='lat' dir='ltr'>Festum</span> 
     </span>
     <span class='ocr_line' id='line_1_16' title="bbox 203 1831 1253 1916; baseline -0.004 -22"><span class='ocrx_word' id='word_1_119' title='bbox 203 1842 303 1916; x_wconf 82' lang='lat' dir='ltr'>eaput</span> <span class='ocrx_word' id='word_1_120' title='bbox 318 1833 432 1895; x_wconf 80' lang='lat' dir='ltr'>Senatr&#39;</span> <span class='ocrx_word' id='word_1_121' title='bbox 447 1835 493 1896; x_wconf 84' lang='lat' dir='ltr'>ad</span> <span class='ocrx_word' id='word_1_122' title='bbox 506 1833 668 1896; x_wconf 83' lang='lat' dir='ltr'>Zenonem</span> <span class='ocrx_word' id='word_1_123' title='bbox 683 1835 928 1915; x_wconf 79' lang='lat' dir='ltr'>Imperatorem,</span> <span class='ocrx_word' id='word_1_124' title='bbox 946 1841 978 1894; x_wconf 90' lang='lat' dir='ltr'>et</span> <span class='ocrx_word' id='word_1_125' title='bbox 993 1833 1035 1894; x_wconf 85' lang='lat' dir='ltr'>ab</span> <span class='ocrx_word' id='word_1_126' title='bbox 1053 1831 1162 1893; x_wconf 86' lang='lat' dir='ltr'>eodem</span> <span class='ocrx_word' id='word_1_127' title='bbox 1180 1851 1253 1913; x_wconf 82' lang='lat' dir='ltr'>spe-</span> 
     </span>
     <span class='ocr_line' id='line_1_17' title="bbox 202 1911 1255 2003; baseline -0.005 -24"><span class='ocrx_word' id='word_1_128' title='bbox 202 1939 291 1988; x_wconf 87' lang='lat' dir='ltr'>rans,</span> <span class='ocrx_word' id='word_1_129' title='bbox 308 1927 424 1980; x_wconf 81' lang='lat' dir='ltr'>uestem</span> <span class='ocrx_word' id='word_1_130' title='bbox 440 1940 475 1980; x_wconf 90' lang='lat' dir='ltr'>se</span> <span class='ocrx_word' id='word_1_131' title='bbox 491 1918 624 1981; x_wconf 76' lang='lat' dir='ltr'>induere</span> <span class='ocrx_word' id='word_1_132' title='bbox 638 1920 775 2003; x_wconf 77' lang='lat' dir='ltr'>regiam.</span> <span class='ocrx_word' id='word_1_133' title='bbox 824 1916 914 1979; x_wconf 90' lang='lat' dir='ltr'>Idem</span> <span class='ocrx_word' id='word_1_134' title='bbox 932 1925 1040 1978; x_wconf 83' lang='lat' dir='ltr'>auctor</span> <span class='ocrx_word' id='word_1_135' title='bbox 1058 1911 1164 1998; x_wconf 89' lang='lat' dir='ltr'>paullo</span> <span class='ocrx_word' id='word_1_136' title='bbox 1183 1922 1255 1996; x_wconf 92' lang='lat' dir='ltr'>post</span> 
     </span>
     <span class='ocr_line' id='line_1_18' title="bbox 203 1999 1252 2086; baseline -0.001 -24"><span class='ocrx_word' id='word_1_137' title='bbox 203 1999 299 2063; x_wconf 86' lang='lat' dir='ltr'>alium</span> <span class='ocrx_word' id='word_1_138' title='bbox 315 2000 477 2083; x_wconf 85' lang='lat' dir='ltr'>legationis</span> <span class='ocrx_word' id='word_1_139' title='bbox 493 2001 560 2084; x_wconf 90' lang='lat' dir='ltr'>ejus</span> <span class='ocrx_word' id='word_1_140' title='bbox 574 2001 748 2086; x_wconf 90' lang='lat' dir='ltr'>principem</span> <span class='ocrx_word' id='word_1_141' title='bbox 766 2001 908 2064; x_wconf 88' lang='lat' dir='ltr'>nominat</span> <span class='ocrx_word' id='word_1_142' title='bbox 922 2003 1080 2065; x_wconf 87' lang='lat' dir='ltr'>Faustum</span> <span class='ocrx_word' id='word_1_143' title='bbox 1097 2000 1252 2084; x_wconf 80' lang='lat' dir='ltr'>Nigrum,</span> 
     </span>
     <span class='ocr_line' id='line_1_19' title="bbox 203 2083 1253 2171; baseline -0.002 -23"><span class='ocrx_word' id='word_1_144' title='bbox 203 2095 235 2148; x_wconf 91' lang='lat' dir='ltr'>et</span> <span class='ocrx_word' id='word_1_145' title='bbox 250 2085 365 2162; x_wconf 90' lang='lat' dir='ltr'>scribit,</span> <span class='ocrx_word' id='word_1_146' title='bbox 379 2109 451 2148; x_wconf 89' lang='lat' dir='ltr'>cum</span> <span class='ocrx_word' id='word_1_147' title='bbox 466 2086 622 2170; x_wconf 90' lang='lat' dir='ltr'>peridem</span> <span class='ocrx_word' id='word_1_148' title='bbox 637 2097 761 2171; x_wconf 88' lang='lat' dir='ltr'>tempus</span> <span class='ocrx_word' id='word_1_149' title='bbox 771 2110 855 2150; x_wconf 91' lang='lat' dir='ltr'>mors</span> <span class='ocrx_word' id='word_1_150' title='bbox 872 2085 1007 2148; x_wconf 88' lang='lat' dir='ltr'>Zenonis</span> <span class='ocrx_word' id='word_1_151' title='bbox 1023 2083 1147 2166; x_wconf 88' lang='lat' dir='ltr'>cognita</span> <span class='ocrx_word' id='word_1_152' title='bbox 1162 2093 1253 2158; x_wconf 87' lang='lat' dir='ltr'>esset,</span> 
     </span>
     <span class='ocr_line' id='line_1_20' title="bbox 203 2167 1253 2254; baseline -0.004 -21"><span class='ocrx_word' id='word_1_153' title='bbox 203 2180 235 2233; x_wconf 90' lang='lat' dir='ltr'>et</span> <span class='ocrx_word' id='word_1_154' title='bbox 261 2171 375 2254; x_wconf 86' lang='lat' dir='ltr'>legatio</span> <span class='ocrx_word' id='word_1_155' title='bbox 401 2171 542 2234; x_wconf 91' lang='lat' dir='ltr'>nondum</span> <span class='ocrx_word' id='word_1_156' title='bbox 568 2172 752 2247; x_wconf 88' lang='lat' dir='ltr'>revertisset,</span> <span class='ocrx_word' id='word_1_157' title='bbox 781 2172 901 2235; x_wconf 88' lang='lat' dir='ltr'>Gothos</span> <span class='ocrx_word' id='word_1_158' title='bbox 931 2169 989 2232; x_wconf 88' lang='lat' dir='ltr'>sibi</span> <span class='ocrx_word' id='word_1_159' title='bbox 1020 2167 1253 2232; x_wconf 89' lang='lat' dir='ltr'>Theodoricum</span> 
     </span>
     <span class='ocr_line' id='line_1_21' title="bbox 205 2253 1256 2341; baseline -0.005 -22"><span class='ocrx_word' id='word_1_160' title='bbox 205 2256 328 2339; x_wconf 87' lang='lat' dir='ltr'>Regem</span> <span class='ocrx_word' id='word_1_161' title='bbox 344 2256 553 2332; x_wconf 66' lang='lat' dir='ltr'>confirmasse,</span> <span class='ocrx_word' id='word_1_162' title='bbox 569 2279 634 2320; x_wconf 91' lang='lat' dir='ltr'>non</span> <span class='ocrx_word' id='word_1_163' title='bbox 649 2267 863 2341; x_wconf 83' lang='lat' dir='ltr'>exspectantes</span> <span class='ocrx_word' id='word_1_164' title='bbox 878 2255 1051 2341; x_wconf 88' lang='lat' dir='ltr'>jussionem</span> <span class='ocrx_word' id='word_1_165' title='bbox 1071 2253 1143 2317; x_wconf 86' lang='lat' dir='ltr'>novi</span> <span class='ocrx_word' id='word_1_166' title='bbox 1164 2253 1256 2315; x_wconf 90' lang='lat' dir='ltr'>Prin-</span> 
     </span>
     <span class='ocr_line' id='line_1_22' title="bbox 203 2338 1255 2426; baseline -0.004 -22"><span class='ocrx_word' id='word_1_167' title='bbox 203 2341 278 2426; x_wconf 88' lang='lat' dir='ltr'>cipis</span> <span class='ocrx_word' id='word_1_168' title='bbox 295 2341 476 2404; x_wconf 84' lang='lat' dir='ltr'>Anastasii⁹.</span> <span class='ocrx_word' id='word_1_169' title='bbox 508 2343 603 2406; x_wconf 88' lang='lat' dir='ltr'>Anno</span> <span class='ocrx_word' id='word_1_170' title='bbox 618 2343 747 2406; x_wconf 90' lang='lat' dir='ltr'>demum</span> <span class='ocrx_word' id='word_1_171' title='bbox 762 2343 863 2426; x_wconf 90' lang='lat' dir='ltr'>primo</span> <span class='ocrx_word' id='word_1_172' title='bbox 878 2352 933 2405; x_wconf 86' lang='lat' dir='ltr'>aut</span> <span class='ocrx_word' id='word_1_173' title='bbox 947 2341 1084 2404; x_wconf 89' lang='lat' dir='ltr'>secundo</span> <span class='ocrx_word' id='word_1_174' title='bbox 1097 2338 1255 2402; x_wconf 84' lang='lat' dir='ltr'>Anastasii</span> 
     </span>
     <span class='ocr_line' id='line_1_23' title="bbox 203 2423 1256 2511; baseline -0.005 -21"><span class='ocrx_word' id='word_1_175' title='bbox 203 2427 284 2490; x_wconf 88' lang='lat' dir='ltr'>hanc</span> <span class='ocrx_word' id='word_1_176' title='bbox 310 2427 499 2510; x_wconf 85' lang='lat' dir='ltr'>legationem</span> <span class='ocrx_word' id='word_1_177' title='bbox 525 2427 695 2504; x_wconf 82' lang='lat' dir='ltr'>revertisse,</span> <span class='ocrx_word' id='word_1_178' title='bbox 719 2428 893 2511; x_wconf 89' lang='lat' dir='ltr'>colligimus</span> <span class='ocrx_word' id='word_1_179' title='bbox 919 2449 958 2490; x_wconf 85' lang='lat' dir='ltr'>ex</span> <span class='ocrx_word' id='word_1_180' title='bbox 981 2425 1111 2510; x_wconf 89' lang='lat' dir='ltr'>epistola</span> <span class='ocrx_word' id='word_1_181' title='bbox 1136 2423 1256 2488; x_wconf 89' lang='lat' dir='ltr'>Gelasii</span> 
     </span>
     <span class='ocr_line' id='line_1_24' title="bbox 206 2509 1256 2600; baseline -0.003 -25"><span class='ocrx_word' id='word_1_182' title='bbox 206 2512 302 2597; x_wconf 80' lang='lat' dir='ltr'>Papae</span> <span class='ocrx_word' id='word_1_183' title='bbox 318 2514 358 2576; x_wconf 89' lang='lat' dir='ltr'>ad</span> <span class='ocrx_word' id='word_1_184' title='bbox 374 2512 576 2576; x_wconf 87' lang='lat' dir='ltr'>Anastasium</span> <span class='ocrx_word' id='word_1_185' title='bbox 592 2514 674 2589; x_wconf 84' lang='lat' dir='ltr'>data,</span> <span class='ocrx_word' id='word_1_186' title='bbox 692 2515 746 2600; x_wconf 93' lang='lat' dir='ltr'>qui</span> <span class='ocrx_word' id='word_1_187' title='bbox 766 2517 922 2578; x_wconf 87' lang='lat' dir='ltr'>Faustum</span> <span class='ocrx_word' id='word_1_188' title='bbox 941 2523 974 2574; x_wconf 93' lang='lat' dir='ltr'>et</span> <span class='ocrx_word' id='word_1_189' title='bbox 993 2515 1152 2576; x_wconf 83' lang='lat' dir='ltr'>Irencenm</span> <span class='ocrx_word' id='word_1_190' title='bbox 1170 2509 1256 2592; x_wconf 89' lang='lat' dir='ltr'>lega-</span> 
     </span>
     <span class='ocr_line' id='line_1_25' title="bbox 203 2597 1255 2684; baseline -0.003 -24"><span class='ocrx_word' id='word_1_191' title='bbox 203 2608 252 2661; x_wconf 88' lang='lat' dir='ltr'>tos</span> <span class='ocrx_word' id='word_1_192' title='bbox 277 2598 439 2661; x_wconf 86' lang='lat' dir='ltr'>nominat:</span> <span class='ocrx_word' id='word_1_193' title='bbox 470 2601 601 2663; x_wconf 84' lang='lat' dir='ltr'>Famulr&#39;</span> <span class='ocrx_word' id='word_1_194' title='bbox 622 2611 738 2664; x_wconf 86' lang='lat' dir='ltr'>aestrce</span> <span class='ocrx_word' id='word_1_195' title='bbox 757 2601 905 2684; x_wconf 78' lang='lat' dir='ltr'>pietatis,</span> <span class='ocrx_word' id='word_1_196' title='bbox 920 2599 993 2684; x_wconf 75' lang='lat' dir='ltr'>fita</span> <span class='ocrx_word' id='word_1_197' title='bbox 1015 2599 1087 2673; x_wconf 82' lang='lat' dir='ltr'>mei,</span> <span class='ocrx_word' id='word_1_198' title='bbox 1110 2597 1255 2659; x_wconf 83' lang='lat' dir='ltr'>Faustus</span> 
     </span>
     <span class='ocr_line' id='line_1_26' title="bbox 203 2682 1256 2770; baseline -0.005 -22"><span class='ocrx_word' id='word_1_199' title='bbox 203 2685 372 2770; x_wconf 81' lang='lat' dir='ltr'>magister,</span> <span class='ocrx_word' id='word_1_200' title='bbox 389 2695 422 2748; x_wconf 89' lang='lat' dir='ltr'>et</span> <span class='ocrx_word' id='word_1_201' title='bbox 436 2686 594 2760; x_wconf 71' lang='lat' dir='ltr'>lacaenas,</span> <span class='ocrx_word' id='word_1_202' title='bbox 617 2685 686 2749; x_wconf 79' lang='lat' dir='ltr'>Viri</span> <span class='ocrx_word' id='word_1_203' title='bbox 701 2687 864 2760; x_wconf 84' lang='lat' dir='ltr'>Illustres‚</span> <span class='ocrx_word' id='word_1_204' title='bbox 880 2694 979 2768; x_wconf 85' lang='lat' dir='ltr'>atque</span> <span class='ocrx_word' id='word_1_205' title='bbox 996 2705 1103 2746; x_wconf 89' lang='lat' dir='ltr'>eoram</span> <span class='ocrx_word' id='word_1_206' title='bbox 1124 2682 1256 2744; x_wconf 79' lang='lat' dir='ltr'>comites</span> 
     </span>
     <span class='ocr_line' id='line_1_27' title="bbox 198 2763 1255 2855; baseline -0.008 -22"><span class='ocrx_word' id='word_1_207' title='bbox 198 2771 337 2854; x_wconf 69' lang='lat' dir='ltr'>qrablr&#39;ea</span> <span class='ocrx_word' id='word_1_208' title='bbox 360 2771 525 2854; x_wconf 82' lang='lat' dir='ltr'>legatione</span> <span class='ocrx_word' id='word_1_209' title='bbox 536 2771 730 2855; x_wconf 78' lang='lat' dir='ltr'>fungentes,</span> <span class='ocrx_word' id='word_1_210' title='bbox 750 2773 797 2833; x_wconf 84' lang='lat' dir='ltr'>ad</span> <span class='ocrx_word' id='word_1_211' title='bbox 818 2769 926 2833; x_wconf 82' lang='lat' dir='ltr'>urbem</span> <span class='ocrx_word' id='word_1_212' title='bbox 951 2769 1073 2832; x_wconf 79' lang='lat' dir='ltr'>reuersi</span> <span class='ocrx_word' id='word_1_213' title='bbox 1094 2767 1173 2828; x_wconf 83' lang='lat' dir='ltr'>etc.¹</span> <span class='ocrx_word' id='word_1_214' title='bbox 1221 2763 1255 2826; x_wconf 87' lang='lat' dir='ltr'>Si</span> 
     </span>
     <span class='ocr_line' id='line_1_28' title="bbox 205 2851 1256 2939; baseline -0.007 -22"><span class='ocrx_word' id='word_1_215' title='bbox 205 2853 350 2917; x_wconf 86' lang='lat' dir='ltr'>Gelasius</span> <span class='ocrx_word' id='word_1_216' title='bbox 365 2853 405 2916; x_wconf 93' lang='lat' dir='ltr'>de</span> <span class='ocrx_word' id='word_1_217' title='bbox 426 2853 538 2916; x_wconf 89' lang='lat' dir='ltr'>eadem</span> <span class='ocrx_word' id='word_1_218' title='bbox 558 2853 724 2937; x_wconf 88' lang='lat' dir='ltr'>legatione,</span> <span class='ocrx_word' id='word_1_219' title='bbox 744 2855 784 2917; x_wconf 92' lang='lat' dir='ltr'>de</span> <span class='ocrx_word' id='word_1_220' title='bbox 804 2877 868 2939; x_wconf 87' lang='lat' dir='ltr'>qua</span> <span class='ocrx_word' id='word_1_221' title='bbox 887 2865 996 2916; x_wconf 89' lang='lat' dir='ltr'>auctor</span> <span class='ocrx_word' id='word_1_222' title='bbox 1017 2851 1256 2935; x_wconf 85' lang='lat' dir='ltr'>Excerptomm,</span> 
     </span>
     <span class='ocr_line' id='line_1_29' title="bbox 204 2934 1258 3024; baseline -0.006 -22"><span class='ocrx_word' id='word_1_223' title='bbox 204 2939 350 3024; x_wconf 88' lang='lat' dir='ltr'>loquitur,</span> <span class='ocrx_word' id='word_1_224' title='bbox 371 2939 455 3024; x_wconf 92' lang='lat' dir='ltr'>quod</span> <span class='ocrx_word' id='word_1_225' title='bbox 475 2938 623 3024; x_wconf 90' lang='lat' dir='ltr'>equidem</span> <span class='ocrx_word' id='word_1_226' title='bbox 644 2940 746 3014; x_wconf 86' lang='lat' dir='ltr'>credo,</span> <span class='ocrx_word' id='word_1_227' title='bbox 766 2939 890 3002; x_wconf 88' lang='lat' dir='ltr'>videtur</span> <span class='ocrx_word' id='word_1_228' title='bbox 904 2938 955 3000; x_wconf 87' lang='lat' dir='ltr'>hic</span> <span class='ocrx_word' id='word_1_229' title='bbox 975 2959 993 2998; x_wconf 91' lang='lat' dir='ltr'>e</span> <span class='ocrx_word' id='word_1_230' title='bbox 1016 2936 1142 2999; x_wconf 87' lang='lat' dir='ltr'>Gelasio</span> <span class='ocrx_word' id='word_1_231' title='bbox 1163 2934 1258 2996; x_wconf 89' lang='lat' dir='ltr'>corri-</span> 
     </span>
     <span class='ocr_line' id='line_1_30' title="bbox 204 3021 1256 3109; baseline -0.006 -23"><span class='ocrx_word' id='word_1_232' title='bbox 204 3025 334 3108; x_wconf 70' lang='lat' dir='ltr'>gendus</span> <span class='ocrx_word' id='word_1_233' title='bbox 348 3035 383 3088; x_wconf 90' lang='lat' dir='ltr'>ut</span> <span class='ocrx_word' id='word_1_234' title='bbox 393 3047 450 3109; x_wconf 90' lang='lat' dir='ltr'>pro</span> <span class='ocrx_word' id='word_1_235' title='bbox 462 3027 631 3088; x_wconf 82' lang='lat' dir='ltr'>clr&#39;reaerat</span> <span class='ocrx_word' id='word_1_236' title='bbox 642 3027 801 3088; x_wconf 89' lang='lat' dir='ltr'>Faustum</span> <span class='ocrx_word' id='word_1_237' title='bbox 812 3025 954 3108; x_wconf 79' lang='lat' dir='ltr'>Nigrum</span> <span class='ocrx_word' id='word_1_238' title='bbox 968 3021 1089 3102; x_wconf 89' lang='lat' dir='ltr'>legatur</span> <span class='ocrx_word' id='word_1_239' title='bbox 1100 3021 1256 3083; x_wconf 86' lang='lat' dir='ltr'>Faustam</span> 
     </span>
     <span class='ocr_line' id='line_1_31' title="bbox 205 3102 1259 3192; baseline -0.008 -18"><span class='ocrx_word' id='word_1_240' title='bbox 205 3121 237 3174; x_wconf 86' lang='lat' dir='ltr'>et</span> <span class='ocrx_word' id='word_1_241' title='bbox 254 3113 414 3174; x_wconf 82' lang='lat' dir='ltr'>Irenaenm</span> <span class='ocrx_word' id='word_1_242' title='bbox 424 3111 443 3171; x_wconf 84' lang='lat'>².</span> <span class='ocrx_word' id='word_1_243' title='bbox 492 3109 576 3172; x_wconf 86' lang='lat' dir='ltr'>Sam.</span> <span class='ocrx_word' id='word_1_244' title='bbox 598 3108 771 3192; x_wconf 88' lang='lat' dir='ltr'>Basnagius</span> <span class='ocrx_word' id='word_1_245' title='bbox 791 3108 833 3171; x_wconf 87' lang='lat' dir='ltr'>ad</span> <span class='ocrx_word' id='word_1_246' title='bbox 850 3107 931 3170; x_wconf 90' lang='lat' dir='ltr'>hanc</span> <span class='ocrx_word' id='word_1_247' title='bbox 951 3105 1141 3189; x_wconf 88' lang='lat' dir='ltr'>legationem</span> <span class='ocrx_word' id='word_1_248' title='bbox 1162 3102 1259 3166; x_wconf 87' lang='lat' dir='ltr'>refert</span> 
     </span>
    </p>
   </div>
   <div class='ocr_carea' id='block_1_3' title="bbox 206 3310 1258 3452">
    <p class='ocr_par' dir='ltr' id='par_1_3' title="bbox 206 3310 1258 3452">
     <span class='ocr_line' id='line_1_32' title="bbox 245 3310 1258 3384; baseline -0.008 -13"><span class='ocrx_word' id='word_1_249' title='bbox 245 3321 256 3354; x_wconf 89' lang='lat'><strong>⁹</strong></span> <span class='ocrx_word' id='word_1_250' title='bbox 281 3317 465 3371; x_wconf 75' lang='lat' dir='ltr'>Theodericus</span> <span class='ocrx_word' id='word_1_251' title='bbox 495 3319 523 3368; x_wconf 88' lang='lat' dir='ltr'>in</span> <span class='ocrx_word' id='word_1_252' title='bbox 553 3317 712 3384; x_wconf 68' lang='lat' dir='ltr'>legationem</span> <span class='ocrx_word' id='word_1_253' title='bbox 748 3331 774 3382; x_wconf 91' lang='lat' dir='ltr'>p.</span> <span class='ocrx_word' id='word_1_254' title='bbox 789 3319 823 3366; x_wconf 87' lang='grc'>56</span> <span class='ocrx_word' id='word_1_255' title='bbox 837 3311 972 3382; x_wconf 84' lang='lat' dir='ltr'>opinatur,</span> <span class='ocrx_word' id='word_1_256' title='bbox 987 3329 1070 3382; x_wconf 92' lang='lat' dir='ltr'>quum</span> <span class='ocrx_word' id='word_1_257' title='bbox 1086 3329 1183 3363; x_wconf 90' lang='lat' dir='ltr'>nomen</span> <span class='ocrx_word' id='word_1_258' title='bbox 1197 3310 1258 3363; x_wconf 87' lang='lat' dir='ltr'>Ire-</span> 
     </span>
     <span class='ocr_line' id='line_1_33' title="bbox 206 3379 1257 3452; baseline -0.008 -12"><span class='ocrx_word' id='word_1_259' title='bbox 206 3390 348 3441; x_wconf 81' lang='lat' dir='ltr'>direxerat</span> <span class='ocrx_word' id='word_1_260' title='bbox 373 3389 506 3438; x_wconf 87' lang='lat' dir='ltr'>Faustam</span> <span class='ocrx_word' id='word_1_261' title='bbox 532 3387 651 3452; x_wconf 68' lang='lat' dir='ltr'>Nigrum</span> <span class='ocrx_word' id='word_1_262' title='bbox 675 3387 715 3436; x_wconf 87' lang='lat' dir='ltr'>ad</span> <span class='ocrx_word' id='word_1_263' title='bbox 748 3379 1257 3452; x_wconf 83' lang='lat' dir='ltr'>noeinusquamoccurratapudCassio·</span> 
     </span>
    </p>
   </div>
   <div class='ocr_carea' id='block_1_4' title="bbox 208 3449 1339 3522">
    <p class='ocr_par' dir='ltr' id='par_1_4' title="bbox 208 3449 1339 3522">
     <span class='ocr_line' id='line_1_34' title="bbox 208 3449 1339 3522; baseline -0.01 -12"><span class='ocrx_word' id='word_1_264' title='bbox 208 3459 352 3510; x_wconf 88' lang='lat' dir='ltr'>Zenonem.</span> <span class='ocrx_word' id='word_1_265' title='bbox 383 3457 425 3509; x_wconf 81' lang='lat' dir='ltr'>Ar</span> <span class='ocrx_word' id='word_1_266' title='bbox 438 3458 485 3508; x_wconf 80' lang='lat' dir='ltr'>ubi</span> <span class='ocrx_word' id='word_1_267' title='bbox 501 3457 608 3522; x_wconf 68' lang='lat' dir='ltr'>cognita</span> <span class='ocrx_word' id='word_1_268' title='bbox 628 3463 713 3507; x_wconf 91' lang='lat' dir='ltr'>morte</span> <span class='ocrx_word' id='word_1_269' title='bbox 749 3454 852 3517; x_wconf 89' lang='lat' dir='ltr'>dorum,</span> <span class='ocrx_word' id='word_1_270' title='bbox 870 3453 942 3504; x_wconf 87' lang='lat' dir='ltr'>hunc</span> <span class='ocrx_word' id='word_1_271' title='bbox 958 3451 1069 3504; x_wconf 86' lang='lat' dir='ltr'>fortasse</span> <span class='ocrx_word' id='word_1_272' title='bbox 1085 3451 1167 3502; x_wconf 86' lang='lat' dir='ltr'>fuisse</span> <span class='ocrx_word' id='word_1_273' title='bbox 1184 3449 1257 3501; x_wconf 92' lang='lat' dir='ltr'>mul·</span> <span class='ocrx_word' id='word_1_274' title='bbox 1336 3458 1339 3464; x_wconf 84' lang='lat'>&#39;</span> 
     </span>
    </p>
   </div>
   <div class='ocr_carea' id='block_1_5' title="bbox 197 3519 1258 4222">
    <p class='ocr_par' dir='ltr' id='par_1_5' title="bbox 197 3519 1258 4080">
     <span class='ocr_line' id='line_1_35' title="bbox 206 3519 1257 3595; baseline -0.01 -15"><span class='ocrx_word' id='word_1_275' title='bbox 206 3529 263 3595; x_wconf 74' lang='lat' dir='ltr'>ejus</span> <span class='ocrx_word' id='word_1_276' title='bbox 283 3536 427 3594; x_wconf 88' lang='lat' dir='ltr'>antequam</span> <span class='ocrx_word' id='word_1_277' title='bbox 447 3527 547 3592; x_wconf 68' lang='lat' dir='ltr'>legatio</span> <span class='ocrx_word' id='word_1_278' title='bbox 564 3533 711 3576; x_wconf 88' lang='lat' dir='ltr'>revertere·</span> <span class='ocrx_word' id='word_1_279' title='bbox 748 3522 915 3585; x_wconf 88' lang='lat' dir='ltr'>tinominem,</span> <span class='ocrx_word' id='word_1_280' title='bbox 930 3539 963 3572; x_wconf 88' lang='lat' dir='ltr'>ex</span> <span class='ocrx_word' id='word_1_281' title='bbox 975 3521 1048 3572; x_wconf 89' lang='lat' dir='ltr'>illius</span> <span class='ocrx_word' id='word_1_282' title='bbox 1064 3519 1155 3572; x_wconf 87' lang='lat' dir='ltr'>saeculi</span> <span class='ocrx_word' id='word_1_283' title='bbox 1171 3535 1257 3582; x_wconf 80' lang='lat' dir='ltr'>more,</span> 
     </span>
     <span class='ocr_line' id='line_1_36' title="bbox 206 3587 1255 3662; baseline -0.01 -13"><span class='ocrx_word' id='word_1_284' title='bbox 206 3605 259 3661; x_wconf 78' lang='lat' dir='ltr'>tur,</span> <span class='ocrx_word' id='word_1_285' title='bbox 279 3605 310 3648; x_wconf 90' lang='lat' dir='ltr'>ut</span> <span class='ocrx_word' id='word_1_286' title='bbox 328 3599 463 3662; x_wconf 70' lang='lat' dir='ltr'>inpressas</span> <span class='ocrx_word' id='word_1_287' title='bbox 482 3603 523 3647; x_wconf 88' lang='lat' dir='ltr'>est</span> <span class='ocrx_word' id='word_1_288' title='bbox 540 3596 710 3657; x_wconf 84' lang='lat' dir='ltr'>Ravennam,</span> <span class='ocrx_word' id='word_1_289' title='bbox 750 3609 829 3660; x_wconf 86' lang='lat' dir='ltr'>quem</span> <span class='ocrx_word' id='word_1_290' title='bbox 846 3591 954 3658; x_wconf 83' lang='lat' dir='ltr'>egregie</span> <span class='ocrx_word' id='word_1_291' title='bbox 967 3588 1095 3658; x_wconf 87' lang='lat' dir='ltr'>explicuit</span> <span class='ocrx_word' id='word_1_292' title='bbox 1105 3589 1164 3640; x_wconf 86' lang='lat' dir='ltr'>Jao.</span> <span class='ocrx_word' id='word_1_293' title='bbox 1198 3587 1255 3639; x_wconf 89' lang='lat' dir='ltr'>Sir·</span> 
     </span>
     <span class='ocr_line' id='line_1_37' title="bbox 213 3655 1257 3730; baseline -0.011 -11"><span class='ocrx_word' id='word_1_294' title='bbox 213 3665 298 3719; x_wconf 85' lang='lat' dir='ltr'>Gotln&#39;</span> <span class='ocrx_word' id='word_1_295' title='bbox 310 3667 363 3718; x_wconf 82' lang='lat' dir='ltr'>sibi</span> <span class='ocrx_word' id='word_1_296' title='bbox 375 3665 603 3730; x_wconf 81' lang='lat' dir='ltr'>confirmaverunt</span> <span class='ocrx_word' id='word_1_297' title='bbox 622 3662 712 3714; x_wconf 73' lang='lat' dir='ltr'>Theo·</span> <span class='ocrx_word' id='word_1_298' title='bbox 749 3661 862 3712; x_wconf 90' lang='lat' dir='ltr'>mondus</span> <span class='ocrx_word' id='word_1_299' title='bbox 889 3659 917 3710; x_wconf 93' lang='lat' dir='ltr'>in</span> <span class='ocrx_word' id='word_1_300' title='bbox 944 3659 1014 3710; x_wconf 90' lang='lat' dir='ltr'>notis</span> <span class='ocrx_word' id='word_1_301' title='bbox 1044 3659 1078 3710; x_wconf 85' lang='lat' dir='ltr'>ad</span> <span class='ocrx_word' id='word_1_302' title='bbox 1105 3655 1257 3722; x_wconf 89' lang='lat' dir='ltr'>Sidonium,</span> 
     </span>
     <span class='ocr_line' id='line_1_38' title="bbox 207 3727 1256 3811; baseline -0.01 -24"><span class='ocrx_word' id='word_1_303' title='bbox 207 3739 327 3789; x_wconf 87' lang='lat' dir='ltr'>doricam</span> <span class='ocrx_word' id='word_1_304' title='bbox 346 3752 443 3802; x_wconf 74' lang='lat' dir='ltr'>regem,</span> <span class='ocrx_word' id='word_1_305' title='bbox 459 3751 510 3786; x_wconf 89' lang='lat' dir='ltr'>non</span> <span class='ocrx_word' id='word_1_306' title='bbox 529 3741 714 3800; x_wconf 77' lang='lat' dir='ltr'>exspectantes</span> <span class='ocrx_word' id='word_1_307' title='bbox 749 3731 815 3782; x_wconf 89' lang='lat' dir='ltr'>adeo</span> <span class='ocrx_word' id='word_1_308' title='bbox 835 3736 874 3794; x_wconf 88' lang='lat' dir='ltr'>ut,</span> <span class='ocrx_word' id='word_1_309' title='bbox 897 3728 1120 3811; x_wconf 82' lang='lat' dir='ltr'>quemadmodum</span> <span class='ocrx_word' id='word_1_310' title='bbox 1143 3727 1256 3796; x_wconf 68' lang='lat' dir='ltr'>Anony-</span> 
     </span>
     <span class='ocr_line' id='line_1_39' title="bbox 197 3798 1258 3873; baseline -0.01 -15"><span class='ocrx_word' id='word_1_311' title='bbox 197 3806 349 3873; x_wconf 84' lang='lat' dir='ltr'>jnssionem</span> <span class='ocrx_word' id='word_1_312' title='bbox 362 3806 425 3857; x_wconf 82' lang='lat' dir='ltr'>novi</span> <span class='ocrx_word' id='word_1_313' title='bbox 437 3805 587 3870; x_wconf 80' lang='lat' dir='ltr'>Prinm&#39;pis</span> <span class='ocrx_word' id='word_1_314' title='bbox 749 3817 809 3852; x_wconf 91' lang='lat' dir='ltr'>mus</span> <span class='ocrx_word' id='word_1_315' title='bbox 822 3799 981 3854; x_wconf 82' lang='lat' dir='ltr'>Valesranus</span> <span class='ocrx_word' id='word_1_316' title='bbox 995 3799 1128 3851; x_wconf 85' lang='lat' dir='ltr'>Faustum</span> <span class='ocrx_word' id='word_1_317' title='bbox 1139 3798 1258 3864; x_wconf 68' lang='lat' dir='ltr'>Nigrum</span> 
     </span>
     <span class='ocr_line' id='line_1_40' title="bbox 214 3867 1258 3938; baseline -0.01 -11"><span class='ocrx_word' id='word_1_318' title='bbox 214 3879 251 3933; x_wconf 61' lang='lat'>·.,¹</span> <span class='ocrx_word' id='word_1_319' title='bbox 270 3874 358 3926; x_wconf 85' lang='lat' dir='ltr'>Affert</span> <span class='ocrx_word' id='word_1_320' title='bbox 377 3874 435 3925; x_wconf 85' lang='lat' dir='ltr'>haec</span> <span class='ocrx_word' id='word_1_321' title='bbox 452 3874 532 3925; x_wconf 85' lang='lat' dir='ltr'>verba</span> <span class='ocrx_word' id='word_1_322' title='bbox 551 3872 623 3925; x_wconf 87' lang='lat' dir='ltr'>Sam.</span> <span class='ocrx_word' id='word_1_323' title='bbox 643 3869 712 3923; x_wconf 90' lang='lat' dir='ltr'>Bas·</span> <span class='ocrx_word' id='word_1_324' title='bbox 749 3869 876 3938; x_wconf 87' lang='lat' dir='ltr'>appellat,</span> <span class='ocrx_word' id='word_1_325' title='bbox 892 3885 971 3938; x_wconf 90' lang='lat' dir='ltr'>quem</span> <span class='ocrx_word' id='word_1_326' title='bbox 986 3867 1111 3922; x_wconf 88' lang='lat' dir='ltr'>Gelasius</span> <span class='ocrx_word' id='word_1_327' title='bbox 1125 3868 1258 3918; x_wconf 88' lang='lat' dir='ltr'>Faustum</span> 
     </span>
     <span class='ocr_line' id='line_1_41' title="bbox 207 3935 1258 4012; baseline -0.009 -16"><span class='ocrx_word' id='word_1_328' title='bbox 207 3943 403 4012; x_wconf 71' lang='lat' dir='ltr'>nage‚.Annal.</span> <span class='ocrx_word' id='word_1_329' title='bbox 424 3942 504 3995; x_wconf 90' lang='lat' dir='ltr'>Polit.</span> <span class='ocrx_word' id='word_1_330' title='bbox 524 3941 627 3994; x_wconf 87' lang='lat' dir='ltr'>Ecclos.</span> <span class='ocrx_word' id='word_1_331' title='bbox 648 3946 712 3992; x_wconf 91' lang='lat' dir='ltr'>tom.</span> <span class='ocrx_word' id='word_1_332' title='bbox 750 3939 938 4007; x_wconf 83' lang='lat' dir='ltr'>appellaverat,</span> <span class='ocrx_word' id='word_1_333' title='bbox 949 3938 987 3990; x_wconf 92' lang='lat' dir='ltr'>sio</span> <span class='ocrx_word' id='word_1_334' title='bbox 996 3937 1179 3988; x_wconf 84' lang='lat' dir='ltr'>Maximianus</span> <span class='ocrx_word' id='word_1_335' title='bbox 1188 3935 1258 3988; x_wconf 87' lang='lat' dir='ltr'>Cas-</span> 
     </span>
     <span class='ocr_line' id='line_1_42' title="bbox 206 4004 1258 4080; baseline -0.008 -14"><span class='ocrx_word' id='word_1_336' title='bbox 206 4014 244 4066; x_wconf 89' lang='lat' dir='ltr'>iii.</span> <span class='ocrx_word' id='word_1_337' title='bbox 258 4014 366 4066; x_wconf 87' lang='lat' dir='ltr'>adann.</span> <span class='ocrx_word' id='word_1_338' title='bbox 381 4017 441 4064; x_wconf 83' lang='lat'>493.</span> <span class='ocrx_word' id='word_1_339' title='bbox 454 4029 481 4080; x_wconf 91' lang='lat' dir='ltr'>p.</span> <span class='ocrx_word' id='word_1_340' title='bbox 495 4016 556 4076; x_wconf 79' lang='lat'>584,</span> <span class='ocrx_word' id='word_1_341' title='bbox 571 4027 644 4062; x_wconf 92' lang='lat' dir='ltr'>num.</span> <span class='ocrx_word' id='word_1_342' title='bbox 659 4009 696 4062; x_wconf 90' lang='lat' dir='ltr'>iii.</span> <span class='ocrx_word' id='word_1_343' title='bbox 750 4007 849 4060; x_wconf 85' lang='lat' dir='ltr'>siodori</span> <span class='ocrx_word' id='word_1_344' title='bbox 877 4007 959 4059; x_wconf 79' lang='lat' dir='ltr'>flierit</span> <span class='ocrx_word' id='word_1_345' title='bbox 990 4006 1110 4059; x_wconf 82' lang='lat' dir='ltr'>Irenaeus</span> <span class='ocrx_word' id='word_1_346' title='bbox 1145 4004 1258 4060; x_wconf 87' lang='lat' dir='ltr'>Gelasii.</span> 
     </span>
    </p>

    <p class='ocr_par' dir='ltr' id='par_1_6' title="bbox 209 4074 1258 4222">
     <span class='ocr_line' id='line_1_43' title="bbox 243 4074 1258 4150; baseline -0.012 -13"><span class='ocrx_word' id='word_1_347' title='bbox 243 4086 254 4118; x_wconf 72' lang='lat'><strong>⁹</strong></span> <span class='ocrx_word' id='word_1_348' title='bbox 273 4083 318 4137; x_wconf 84' lang='lat' dir='ltr'>Sia</span> <span class='ocrx_word' id='word_1_349' title='bbox 336 4088 454 4136; x_wconf 83' lang='lat' dir='ltr'>statuere</span> <span class='ocrx_word' id='word_1_350' title='bbox 469 4081 534 4133; x_wconf 89' lang='lat' dir='ltr'>mihi</span> <span class='ocrx_word' id='word_1_351' title='bbox 549 4078 713 4150; x_wconf 85' lang='lat' dir='ltr'>probabilius</span> <span class='ocrx_word' id='word_1_352' title='bbox 749 4077 810 4146; x_wconf 85' lang='lat' dir='ltr'>Ego</span> <span class='ocrx_word' id='word_1_353' title='bbox 820 4094 882 4130; x_wconf 91' lang='lat' dir='ltr'>vero</span> <span class='ocrx_word' id='word_1_354' title='bbox 891 4078 941 4129; x_wconf 88' lang='lat' dir='ltr'>hac</span> <span class='ocrx_word' id='word_1_355' title='bbox 950 4076 979 4129; x_wconf 94' lang='lat' dir='ltr'>in</span> <span class='ocrx_word' id='word_1_356' title='bbox 992 4075 1125 4130; x_wconf 85' lang='lat' dir='ltr'>sententia</span> <span class='ocrx_word' id='word_1_357' title='bbox 1137 4074 1258 4128; x_wconf 88' lang='lat' dir='ltr'>omniurn</span> 
     </span>
     <span class='ocr_line' id='line_1_44' title="bbox 209 4143 1257 4222; baseline -0.009 -17"><span class='ocrx_word' id='word_1_358' title='bbox 209 4152 323 4220; x_wconf 87' lang='lat' dir='ltr'>videtur,</span> <span class='ocrx_word' id='word_1_359' title='bbox 346 4167 428 4222; x_wconf 90' lang='lat' dir='ltr'>quam</span> <span class='ocrx_word' id='word_1_360' title='bbox 452 4151 523 4221; x_wconf 91' lang='lat' dir='ltr'>quod</span> <span class='ocrx_word' id='word_1_361' title='bbox 545 4148 715 4204; x_wconf 77' lang='lat' dir='ltr'>Fontaninus</span> <span class='ocrx_word' id='word_1_362' title='bbox 749 4147 861 4201; x_wconf 88' lang='lat' dir='ltr'>minime</span> <span class='ocrx_word' id='word_1_363' title='bbox 869 4163 1033 4217; x_wconf 85' lang='lat' dir='ltr'>concoquere</span> <span class='ocrx_word' id='word_1_364' title='bbox 1044 4143 1257 4218; x_wconf 83' lang='lat' dir='ltr'>possum‚Maxi·</span> 
     </span>
    </p>
   </div>
   <div class='ocr_carea' id='block_1_6' title="bbox 0 0 1630 4982">
    <p class='ocr_par' dir='ltr' id='par_1_7' title="bbox 0 0 1630 4982">
     <span class='ocr_line' id='line_1_45' title="bbox 0 0 1630 4982; baseline 0 0"><span class='ocrx_word' id='word_1_365' title='bbox 0 0 1630 4982; x_wconf 95' lang='lat' dir='ltr'> </span> 
     </span>
    </p>
   </div>
  </div>
 </body>
</html>
