3228 4982
367 427 390 484 2
628 419 681 482 Du
700 418 845 482 Noumn
863 419 1034 483 Connsmr
1052 420 1162 482 Gxum

232 613 245 622 «
275 611 279 614 -
372 571 506 636 Gallam
522 572 697 636 Etruscum
716 570 974 654 proscribendum
994 570 1131 655 putavit3
1155 569 1210 632 sed
1225 578 1345 632 certum
1364 579 1421 644 est,

370 678 443 718 cum
458 655 491 717 in
506 654 647 740 pluribus
661 657 878 741 manuscriptis
899 656 994 731 libris,
1011 679 1087 743 quos
1103 654 1217 720 emditi
1232 654 1374 717 nonnulli
1389 677 1424 718 se

370 741 526 804 affirmant
548 741 725 826 inspexisse,
748 752 817 805 tum
840 742 872 804 in
894 741 1108 805 vetustissimis
1131 752 1163 804 et
1184 739 1291 824 primis
1315 762 1424 803 exem-

370 826 509 911 plaribus
524 826 679 910 impressis
694 828 794 890 solum
809 849 925 890 nomen
938 830 1139 891 Maximiani
1154 827 1315 910 prostare¹.
1358 826 1424 888 Ac·

372 912 456 975 cedit
475 912 641 975 auctoritas
664 912 847 988 Cassiodori,
868 912 1031 997 epistolam
1052 910 1240 974 Theodorici
1263 910 1361 993 Regis
1382 911 1424 973 ad

374 995 607 1060 Maximianum
627 998 743 1073 datam,
761 998 880 1061 Variar.
897 994 950 1060 lib.
968 998 994 1072 l,
1010 1002 1063 1071 21,
1080 996 1265 1071 exhibentis,
1281 1007 1349 1074 tum
1368 996 1426 1058 ali-

372 1105 462 1145 omm
485 1083 582 1145 medii
606 1084 664 1148 aevi
691 1083 884 1168 scriptomm,
908 1082 962 1169 qui
987 1082 1218 1145 Maximianum
1242 1081 1422 1163 allegantes,

372 1168 437 1231 solo
457 1169 516 1231 hoc
536 1169 603 1252 ejus
625 1169 753 1231 nomine
772 1180 911 1232 utuntur.
959 1168 1002 1230 Et
1016 1167 1153 1242 fortasse,
1170 1167 1224 1252 qui
1242 1166 1424 1230 Cornelium

375 1253 608 1317 Maximianum
622 1255 855 1317 inscribendum
872 1264 1059 1316 censuerunt
1079 1253 1222 1327 editoreS,
1238 1251 1362 1314 nullum
1377 1251 1427 1313 in-

374 1339 476 1424 eptius
498 1339 528 1402 ei
550 1362 666 1402 nomen
688 1340 825 1403 tribuere
847 1349 1026 1423 potuerunt,
1048 1361 1143 1424 quarn
1161 1337 1307 1412 Cornelii,
1330 1336 1428 1422 siqui-

375 1425 459 1500 dem,
476 1435 511 1487 ut
529 1425 693 1487 Reinesius
710 1425 809 1510 Epist.
823 1424 983 1502 LXXIX
1006 1425 1048 1487 ad
1066 1423 1240 1486 Daumium
1263 1445 1333 1506 pag.
1349 1428 1425 1498 203,

375 1510 558 1584 observavit,
573 1510 761 1573 Maximiani
776 1510 808 1572 in
824 1510 978 1595 lapidibus
993 1510 1141 1593 leguntur
1154 1508 1283 1592 gentilia
1297 1507 1428 1571 nomina

375 1595 492 1659 habere
514 1597 627 1672 Acilii,
645 1597 750 1674 Arrii,
768 1597 908 1671 Aurelii,
926 1599 1057 1672 Barbii,
1077 1597 1221 1670 Cereliii,
1243 1595 1352 1668 Fabii,
1370 1595 1425 1656 In-

373 1685 486 1766 genui,
509 1683 663 1758 Publicii,
687 1704 842 1766 nusquam
867 1680 1014 1744 Cornelii.
1061 1678 1275 1742 Broukhusius
1297 1677 1426 1765 quidem

375 1767 560 1852 Longinum
581 1769 822 1831 Maximianum
845 1766 1008 1852 aliquoties
1030 1766 1062 1828 in
1085 1765 1165 1828 notis
1187 1765 1229 1828 ad
1252 1763 1371 1827 Tibull.
1394 1775 1428 1826 et

378 1850 576 1936 Propertium
591 1851 683 1928 citat3
707 1852 762 1914 sed
777 1852 861 1915 unde
876 1852 937 1916 hoc
950 1851 1103 1925 habuerit,
1120 1861 1152 1914 et
1167 1873 1230 1936 qua
1244 1849 1430 1914 auctoritate

376 1935 498 2011 dixerit,
514 1959 617 2022 neque
633 1936 698 2021 ipse
713 1937 870 2012 indicavit,
887 1960 990 2023 neque
1006 1960 1064 2019 ego
1079 1937 1191 2011 adhuc,
1204 1935 1339 1998 studiose
1355 1935 1430 1998 licet

377 2044 530 2108 quaerens,
547 2022 694 2105 indagare
717 2022 832 2107 potuit
879 2023 969 2086 Idem
994 2023 1197 2096 Fontaninus,
1216 2021 1298 2084 Hist
1316 2021 1429 2084 Litter.

379 2107 516 2192 Aquilei.
533 2108 586 2171 lib.
605 2108 630 2184 l,
647 2131 714 2193 cap.
730 2115 760 2184 3,
777 2132 807 2193 p.
824 2112 875 2183 51,
897 2131 930 2171 se
952 2107 1071 2170 nescire
1094 2107 1226 2183 fatetur3
1249 2107 1308 2170 hoc
1329 2129 1429 2169 unum

377 2215 412 2255 se
434 2194 512 2256 scire
536 2194 589 2269 ait,
614 2195 647 2256 in
674 2195 780 2258 codice
809 2194 1020 2279 Neapolitano
1044 2193 1192 2257 Vallettae
1218 2194 1258 2254 Α.
1276 2193 1317 2254 Ι).
1345 2195 1431 2254 1400

378 2289 504 2342 exarato
519 2281 559 2343 L.
579 2282 818 2344 Maximianum
833 2280 905 2354 dici,
921 2291 996 2342 nota
1009 2278 1209 2364 praenominis
1224 2277 1340 2352 addita,
1357 2301 1430 2362 quea

378 2367 522 2439 Lucium,
546 2386 609 2426 non
632 2367 815 2450 Longinum
838 2365 981 2447 designat
989 2367 1008 2426 ³.
1057 2364 1090 2426 Si
1114 2364 1169 2451 qui
1192 2386 1265 2427 vero
1292 2363 1431 2426 Cornelii

381 2448 466 2512 Galli
490 2460 522 2512 et
547 2448 735 2512 Maximiani
760 2450 888 2513 nomina
914 2451 946 2513 in
972 2449 1153 2532 Elegiarum
1179 2448 1433 2532 inscriptionibus

379 2535 546 2620 conjuncta
560 2535 780 2619 approbarunt,
797 2535 831 2598 id
852 2536 978 2600 fortasse
994 2559 1033 2598 ea
1052 2558 1159 2599 caussa
1178 2535 1329 2610 fecerunt,
1346 2535 1435 2620 quod

422 2763 430 2796 ¹
452 2759 553 2813 Theod.
579 2759 746 2814 Pulmannus
771 2761 799 2812 in
824 2761 887 2814 edit.
922 2764 1014 2829 qirmm
1027 2761 1230 2812 litanimiaaum
1243 2766 1319 2812 vocat
1334 2757 1431 2812 Mark-

335 2833 338 2842 “
384 2829 486 2883 Catulli
514 2831 574 2883 Tib.
598 2831 676 2898 Prop.
698 2831 889 2899 Antverpiensi
924 2831 1029 2895 landus,
1056 2829 1143 2898 Epist.
1174 2829 1243 2883 Crit.
1270 2830 1305 2881 ad
1334 2829 1433 2882 Franc.

385 2905 461 2962 1569,
474 2906 500 2951 et
512 2899 669 2968 Gryphiana
682 2905 756 2966 1573,
768 2901 801 2952 ad
813 2901 887 2970 prin·
926 2899 1009 2965 Hane,
1025 2917 1051 2968 p.
1065 2906 1107 2953 34.

383 2969 483 3038 cipium
519 2970 678 3038 Elegiarum
713 2971 827 3024 Maxim.
860 2971 889 3024 in
964 2971 1113 3024 ³Jaeobus
1139 2968 1234 3036 Magni
1260 2969 1350 3038 aliquo
1373 2968 1434 3020 loco

382 3040 506 3107 margine
519 3048 639 3105 annotat,
653 3042 750 3094 veteris
767 3041 828 3095 libri
845 3041 888 3093 in·
927 3040 1084 3110 Sophologii
1103 3040 1209 3093 ridetur
1229 3040 1433 3091 Marimiunum

383 3110 555 3177 scriptionem
576 3111 689 3162 habore:
719 3113 890 3162 lilanimiani
925 3113 1030 3163 Julium
1047 3111 1137 3162 citare.
1176 3109 1256 3175 Nam,
1270 3108 1317 3162 lib.
1331 3108 1358 3161 ii.
1373 3125 1434 3176 cap.

384 3181 460 3230 liber.
486 3178 596 3230 Delrius
626 3179 654 3229 in
680 3179 831 3232 Commeat.
858 3181 891 3231 ad
926 3181 1434 3246 9,qrromodonaturacupituirtutcs,

387 3248 495 3299 Senecae
518 3247 629 3315 Hippoi.
652 3265 678 3315 p.
700 3253 743 3313 93,
765 3255 888 3314 testatur,
928 3249 1035 3300 scribit:
1063 3250 1142 3300 Teste
1163 3249 1338 3301 Maximiano
1356 3249 1434 3300 Julio

384 3317 413 3368 in
430 3317 516 3369 tribus
535 3317 670 3370 codicibus
686 3317 740 3370 Ms.
756 3325 893 3370 auctorem
929 3321 1015 3370 uirtus
1040 3336 1108 3370 auro
1127 3320 1278 3384 pretiosior
1303 3327 1358 3370 eet:
1387 3336 1435 3370 nec

386 3387 585 3439 Maximianum
602 3387 761 3455 inscriptum
774 3405 802 3439 se
815 3405 891 3456 repe·
924 3391 1067 3456 putrescit,
1085 3391 1134 3440 sed
1151 3391 1178 3439 in
1197 3390 1320 3440 aduersis
1339 3390 1436 3440 crescit

385 3457 468 3508 risse:
497 3464 524 3509 et
547 3456 694 3510 Goldastus
714 3457 743 3508 in
765 3457 839 3526 praef.
860 3458 894 3510 ad
930 3461 991 3525 ipsa
1014 3460 1108 3510 uirtus.
1135 3457 1205 3510 'Sed
1226 3457 1264 3509 ita
1284 3457 1385 3526 legitur
1406 3458 1434 3509 iu

387 3526 466 3580 Ovid.
477 3526 553 3579 Erot.
568 3544 593 3595 p.
606 3531 646 3591 13,
659 3527 776 3596 quinque
790 3527 893 3580 codices
929 3527 1109 3580 vetustissimo
1134 3527 1287 3595 exemplari,
1313 3527 1342 3578 in
1366 3527 1435 3580 Bib-

387 3596 588 3665 Mauuscriptos
597 3597 634 3650 sic
642 3597 739 3650 habere
749 3597 893 3651 Memorat.
929 3597 1005 3650 lioth.
1030 3597 1129 3649 Ducali
1155 3597 1293 3650 Guelferb.
1320 3603 1436 3660 servato,

387 3665 421 3718 In
442 3666 604 3719 bibliotheca
626 3666 784 3732 Heinsiana,
806 3669 836 3721 P.
852 3667 892 3733 11,
930 3667 1001 3736 quod
1013 3666 1106 3718 multis
1118 3667 1221 3718 mendis
1235 3673 1327 3720 scatet.
1356 3667 1438 3719 Unde

387 3753 415 3804 p.
427 3741 484 3800 121,
498 3735 658 3787 Maximiani
674 3739 760 3804 po'e'tm
774 3737 896 3806 quaedam
932 3744 959 3789 et
970 3736 1015 3788 hic
1027 3736 1155 3788 mendum
1168 3735 1252 3789 latere
1265 3737 1393 3805 suspicor,
1409 3744 1442 3789 et.

388 3822 449 3857 cum
458 3805 548 3857 Bo'etii
557 3805 746 3859 Consolatione
755 3808 897 3874 conjuncta
932 3823 980 3875 pro
1004 3807 1081 3859 Julio
1105 3805 1249 3872 legendum
1276 3823 1333 3858 esse
1353 3808 1437 3876 fulvo

388 3881 462 3927 tenet
483 3875 567 3927 codex
589 3875 643 3928 Ms.
666 3875 817 3929 Membran.
837 3875 894 3927 Ex·
932 3879 1018 3929 virtus
1043 3893 1120 3939 aure,
1147 3876 1279 3944 quomodo
1309 3883 1384 3929 extat
1408 3877 1437 3928 in

388 3944 548 4012 emplarium
568 3945 760 4013 impressorum
780 3945 894 4014 iuscrip·
932 3963 1011 3998 versu
1031 3944 1201 4009 Maximiani,
1219 3963 1299 4014 quem
1317 3946 1439 3998 Jacobus

388 4013 475 4066 tiones
487 4014 557 4066 infra
569 4015 739 4067 adducemus.
932 4016 1049 4085 respicit,
1063 4015 1142 4083 Eleg.
1156 4014 1173 4068 i.
1191 4020 1238 4068 19:
1266 4018 1340 4078 Quin
1356 4019 1437 4068 etium

424 4087 435 4118 ²
451 4083 670 4137 Brouckhusium
695 4091 802 4138 secutus
821 4086 896 4138 Lon·
932 4087 1105 4155 uirtusfulvo
1113 4087 1263 4153 pretiosior
1275 4104 1354 4151 auro,
1367 4092 1420 4139 etc.

1551 4489 1560 4690 l

1554 4735 1562 4849 ἔ
