3228 4982
338 476 381 540 4⁰
672 468 877 534 Maximiani
901 468 1049 534 Emona.

383 621 427 685 Et
441 619 527 706 quod
542 619 581 683 sit
596 618 728 704 sapiens,
745 619 859 704 desipit
872 619 947 683 inde
962 620 1070 704 magis.

339 717 446 788 Multa
459 723 534 786 licet
547 722 637 786 nobis
652 722 798 796 referens,
814 721 990 809 eademque
1005 722 1168 787 revolvens

381 825 508 901 Horret,
525 834 558 888 et
572 823 744 911 alloquium
761 823 904 909 conspuit
918 824 984 910 ipse
999 847 1101 888 suurn.

334 927 453 991 Deficit
467 926 600 1002 auditor,
616 947 681 989 non
695 925 803 990 deficit
817 925 883 1011 ipse
898 925 1073 1013 loquendo:
1164 919 1169 925 ”

379 1029 410 1094 Ο
425 1027 491 1092 sola
504 1028 599 1092 fortes
613 1026 796 1112 garrulitate
812 1027 923 1090 senesl

335 1129 454 1194 Omnia
467 1129 684 1217 nequidquam
698 1129 841 1194 clamosis
855 1129 983 1194 vocibus
998 1129 1125 1214 implet:

377 1231 432 1295 Nil
447 1232 520 1296 satis
535 1242 591 1307 est,
607 1231 721 1307 horret,
738 1253 810 1317 quae
825 1231 972 1316 placuere
988 1231 1091 1294 modo.

335 1333 464 1397 Arridet
478 1333 517 1396 de
533 1355 566 1397 se
581 1333 765 1408 ridentibus
781 1355 818 1397 ac
833 1333 893 1396 sibi
907 1332 1061 1418 plaudens

378 1433 493 1519 Incipit
507 1433 675 1520 opprobrio
687 1432 789 1497 laetior
804 1455 871 1497 esse
886 1455 950 1497 suo.

335 1535 398 1599 Hae
413 1546 486 1599 sunt
499 1535 646 1621 primitiae
661 1534 779 1611 monia,
795 1535 843 1598 his
856 1535 997 1620 partibus
1012 1546 1088 1600 aetas

378 1636 510 1714 Defluit,
526 1647 558 1701 et
572 1636 667 1723 pigris
682 1636 837 1721 gressibus
851 1635 918 1701 ima
930 1635 1019 1721 petit.

336 1740 409 1804 Non
423 1738 558 1815 habitus,
574 1761 637 1803 non
652 1739 718 1824 ipse
734 1738 826 1815 color,
843 1761 907 1803 non
921 1759 1044 1822 gressus
1059 1737 1171 1814 euntis,

378 1841 452 1905 Non
467 1842 585 1927 species
601 1842 723 1917 eadem,
739 1863 812 1928 quae
828 1840 889 1905 fuit
903 1852 986 1917 ante,
1001 1849 1119 1905 manet.

334 1942 469 2007 Labitur
483 1966 522 2007 ex
536 1943 675 2007 humeris
690 1944 824 2008 demisso
840 1966 967 2030 corpore
982 1943 1084 2020 vestis,

377 2045 524 2133 Quaeque
539 2045 642 2110 brevis
657 2043 769 2122 fuerat,
780 2045 849 2130 jam
864 2044 958 2108 modo
973 2045 1067 2128 longa
1081 2044 1160 2108 mihi
1175 2055 1231 2109 est

336 2147 561 2213 Contrahimur
574 2147 718 2235 miroque
732 2147 827 2212 modo
843 2146 1060 2223 decrescimus,
1076 2147 1144 2233 ipsa

377 2248 522 2312 Diminui
537 2249 633 2312 nostri
649 2249 784 2334 corporis
798 2272 867 2313 ossa
880 2259 980 2335 putes.

236 2379 247 2413 ¹,
336 2348 405 2412 Nec
421 2349 537 2413 coelum
552 2359 692 2435 spectare
708 2350 792 2426 licet,
809 2351 865 2413 sed
878 2372 977 2436 prona
991 2362 1135 2414 senectus

377 2448 520 2527 Terram,
537 2473 600 2538 qua
613 2451 721 2534 genita
735 2462 792 2528 est,
808 2474 905 2538 quam
919 2451 1067 2528 reditura,
1083 2451 1186 2516 uidet:

335 2550 448 2639 Fitque
463 2552 568 2639 tripes,
584 2575 707 2639 prorsus
722 2555 909 2641 quadrupes,
925 2565 961 2618 ut
975 2555 1121 2641 parvulus
1132 2554 1244 2632 infans,

377 2653 421 2718 Et
434 2676 492 2739 per
506 2655 695 2732 sordentem,
711 2656 826 2733 flebile,
843 2656 924 2742 repit
937 2655 1081 2722 humum.

333 2755 431 2820 Ortus
445 2767 559 2820 cuncta
572 2779 642 2820 suos
658 2766 813 2841 repetunt,
829 2766 1026 2844 matremque
1042 2758 1205 2845 requirunt
1212 2784 1222 2835 ;

377 2857 421 2921 Et
435 2857 517 2922 redit
531 2859 573 2923 ad
586 2857 730 2935 nibilum,
747 2859 833 2946 quod
847 2858 907 2933 fuit
921 2870 995 2924 ante
1010 2859 1098 2923 nihil.

274 3007 276 3010 -
334 2959 420 3024 Hinc
433 2971 489 3036 est,
506 2961 592 3048 quod
605 2961 718 3025 baculo
732 2953 920 3027 incumbens
934 2962 1055 3027 ruitura
1069 2973 1216 3028 senectus

376 3062 512 3128 Assiduo
526 3063 648 3149 pigram
663 3066 793 3129 verbere
808 3065 913 3150 pulsat
927 3064 1078 3131 humum:

333 3162 377 3227 Et
391 3186 557 3228 numerosa
570 3187 700 3229 movens
715 3168 825 3230 crebro
839 3166 971 3249 vestigia
984 3190 1086 3252 passu,

375 3263 469 3329 Talia
483 3275 593 3348 rugato
609 3265 747 3328 creditur
761 3288 814 3328 ore
830 3265 933 3351 loqui:

335 3365 464 3451 Suscipe
479 3387 542 3442 me,
558 3366 710 3449 genetrix,
727 3368 794 3431 nati
808 3367 956 3430 miserere
971 3366 1124 3444 laborum,

378 3467 528 3532 Membra
542 3467 618 3532 velis
633 3467 752 3552 gremio
767 3467 847 3532 fessa
861 3466 965 3532 fovere
980 3479 1045 3534 tuo.

335 3569 476 3635 Horrent
489 3593 543 3635 me
556 3571 655 3657 pueri,
671 3593 795 3659 nequeo
809 3570 896 3637 velut
910 3582 983 3637 ante
998 3571 1113 3638 videri:

378 3672 560 3745 Horrendos
574 3684 680 3758 partus
696 3696 751 3738 cur
765 3673 839 3738 sinis
854 3697 920 3738 esse
936 3673 1029 3738 tuos?

333 3773 389 3837 Nil
403 3774 481 3838 mihi
497 3797 570 3838 cum
585 3775 720 3859 superis:
745 3773 868 3859 explevi
882 3796 1016 3839 munera
1029 3774 1120 3838 vitae:

379 3876 501 3953 Redde,
518 3899 636 3962 precor,
652 3877 753 3963 patrio
767 3887 892 3941 mortua
905 3878 1050 3942 membra
1065 3877 1138 3940 solo.

334 3978 422 4052 Quid
435 3978 563 4043 miseros
578 3979 669 4044 variis
683 3980 809 4066 prodest
824 3979 1012 4066 suspendere
1028 3977 1152 4065 poenis?

377 4080 450 4143 Non
466 4091 513 4144 est
526 4082 661 4145 materni
676 4083 808 4167 pectoris
823 4082 882 4146 ista
896 4082 970 4167 pati.
