3228 4982
373 469 416 528 90
645 443 751 529 Nera:
769 479 811 530 er
826 461 948 528 Virmn
966 460 1160 527 anrrouns

373 599 412 656 Et
429 601 487 654 haec
505 617 575 670 ssepe
594 602 802 670 conjunguntur.
841 599 950 654 Terent.
964 599 1036 654 Eun.
1055 599 1094 654 iii.
1108 604 1134 666 4,
1149 605 1181 654 3:
1203 601 1301 668 Locus,
1322 609 1426 670 tempus

373 675 546 726 coustitutum
559 679 606 725 est.
629 671 731 724 lustin.
741 688 785 725 xv.
795 676 822 738 2,
836 675 880 724 16:
896 680 999 739 tempus
1012 672 1135 724 stlocum
1148 672 1262 724 coeundi
1273 675 1426 726 condicunt.

373 742 411 796 Et
423 761 521 810 capere
534 740 576 794 vel
590 750 705 810 captare
721 749 827 810 tempus
843 739 942 805 locum,
957 741 1056 794 usitate
1073 741 1180 795 dicitur.
1217 741 1295 811 Virg.
1309 742 1373 796 AEn.
1387 743 1425 796 xi.

374 818 433 866 783.
449 813 549 880 Georg.
563 811 590 864 ii.
604 817 665 865 230.
680 811 758 865 Ovid.
777 829 810 863 ex
827 807 905 864 Pont.
925 811 962 864 iii.
980 816 1002 876 l,
1021 816 1194 865 laen-26.
1211 813 1324 880 Supero.
1344 815 1424 865 lumi—

372 883 502 951 nibusque
514 879 612 950 loqui]
635 881 713 935 Ovid.
728 881 795 935 Her.
809 881 872 935 xvii.
885 886 937 935 82:
958 884 1063 951 quoties
1076 899 1124 949 eqo
1140 891 1210 935 tecta
1227 885 1321 936 notavi
1335 884 1425 950 Siqua

372 954 518 1020 supercilio
534 969 614 1020 pierre
632 954 755 1020 loquente
773 954 845 1005 dari.
883 951 960 1004 Idem
978 951 1041 1004 Am.
1060 951 1088 1005 ii.
1102 957 1128 1018 5,
1146 955 1193 1006 15:
1214 953 1309 1006 Multa
1327 971 1424 1022 super·

372 1024 436 1076 a'lio
448 1025 507 1076 uidi
518 1024 643 1076 uibrante
655 1025 805 1091 loquentes.-
821 1022 941 1074 Nutibus
954 1024 982 1074 iu
991 1025 1088 1074 vestris
1095 1039 1168 1089 pars
1180 1023 1250 1076 baua
1263 1025 1335 1076 uocis
1347 1032 1424 1077 erat:

372 1093 436 1147 Nou
449 1094 520 1147 oculi
532 1102 640 1147 tacuere
653 1096 701 1147 tui.
741 1092 840 1146 Tibull.
854 1091 872 1145 i.
886 1097 913 1154 2,
927 1096 976 1144 21:
999 1093 1055 1144 Illa
1072 1095 1132 1145 uiro
1150 1110 1242 1146 eoram
1261 1102 1342 1147 aulus
1359 1111 1423 1147 cou-

364 1165 446 1234 ferre
459 1165 593 1232 loquaces,
602 1165 715 1218 Blanda
754 1165 932 1230 ecomposr'tis
945 1163 1044 1214 abdere
1054 1163 1136 1214 uerba
1149 1165 1344 1217 uotis.—--27.
1353 1166 1423 1218 Sus·

369 1252 468 1302 peresos
482 1252 585 1302 ponere
601 1251 718 1301 pressus.
768 1231 973 1300 Ludenbrogius
989 1233 1061 1284 hunc
1074 1249 1181 1286 versum
1197 1233 1314 1302 applicat
1331 1233 1365 1286 ad
1380 1233 1423 1288 le-

372 1322 434 1357 cum
457 1303 528 1358 Ciris
549 1323 574 1357 v.
597 1309 667 1357 212:
701 1306 771 1356 Tum
795 1321 925 1370 suspensa
949 1303 1041 1356 levares
1066 1305 1162 1370 diuitis
1186 1306 1302 1370 eesthia
1321 1307 1425 1372 primis

371 1375 532 1442 Eqreditur.
570 1374 655 1427 Addit
667 1374 738 1426 hunc
752 1373 863 1438 Tibulli,
878 1379 909 1426 ut
921 1373 979 1440 ipse
992 1373 1038 1437 ait,
1053 1373 1100 1424 sed
1116 1373 1162 1442 qui
1176 1372 1267 1426 Ovidii
1284 1381 1333 1440 est,
1349 1374 1423 1428 Fast.

370 1445 389 1498 i.
407 1449 476 1498 425:
498 1447 614 1512 oestiqia
624 1445 731 1514 furtim
748 1446 886 1510 Suspenso
905 1445 1000 1511 diuitis
1013 1448 1076 1513 sert
1094 1445 1233 1496 taciturna
1250 1447 1424 1512 produ-

371 1520 414 1568 28.
428 1515 469 1568 Et
484 1516 557 1568 uallo
574 1532 683 1568 currere
697 1532 723 1567 a.
736 1511 826 1581 sona]
855 1513 1036 1566 Transtulisse
1052 1513 1110 1565 haec
1122 1513 1229 1566 videtur
1241 1532 1255 1567 e
1269 1514 1388 1581 Tibulle,
1402 1516 1422 1570 i.

370 1590 397 1652 2,
419 1590 470 1639 20:
497 1587 555 1638 Illo
575 1587 653 1638 docet
666 1585 769 1655 furtim
788 1585 863 1637 molle¹
882 1585 1042 1637 descendere
1061 1585 1137 1648 lecto,
1157 1585 1216 1637 Illa
1232 1587 1330 1652 perlem
1349 1587 1424 1640 uallo

366 1674 470 1725 ponere
483 1674 565 1724 posse
578 1673 651 1710 souo.
689 1653 780 1724 Atque
792 1655 863 1707 idem
876 1653 893 1707 i.
907 1658 934 1719 8,
949 1659 999 1706 59:
1020 1654 1061 1706 Et
1072 1671 1184 1721 possum
1196 1657 1287 1707 media
1300 1660 1424 1724 quamvis

371 1728 499 1794 obrepere
521 1734 605 1792 nocte,
625 1725 667 1778 Et
686 1727 802 1793 strepitu
823 1726 897 1778 uallo
916 1726 986 1777 clam
1006 1726 1349 1848 reserarevsores.-—29.
1363 1727 1423 1780 Nec

371 1793 505 1865 lauaem]
519 1815 555 1851 sc.
569 1803 676 1866 tempus
688 1794 847 1848 intercessit.
881 1794 964 1862 Plene
977 1793 1111 1864 eloquitur
1150 1795 1201 1864 irg.
1214 1795 1315 1864 Georg.
1330 1795 1358 1848 ii.
1373 1800 1421 1849 80:

370 1885 419 1920 uec
431 1869 538 1936 lorcyum
551 1876 663 1934 tempas,
679 1875 706 1919 et
721 1869 814 1933 iuuene
828 1865 908 1918 Euiit
926 1866 966 1917 ad
979 1865 1072 1918 caelum
1089 1867 1174 1918 ramis
1184 1866 1316 1935 felicibus
1333 1867 1423 1921 arbos.

371 1939 581 2004 ——31.Iqaes
599 1954 658 1990 cum
677 1937 785 1990 uerbere
804 1931 949 2003 arescunt]
982 1934 1062 1987 Hane
1080 1935 1232 2000 lectionem,
1251 1943 1282 1988 ut
1301 1937 1425 2006 sequenti

371 2007 453 2060 simili
465 2007 639 2078 aptissimam,
655 2007 758 2059 caeteris
771 2006 887 2075 praetuli,
902 2005 1024 2074 quamvis
1036 2023 1052 2058 a
1064 2005 1120 2058 sola
1133 2005 1244 2075 antiqua
1257 2006 1350 2061 Germ.
1366 2024 1422 2060 ser-

371 2083 469 2132 vatam.
508 2077 588 2131 ovid.
602 2077 670 2136 Met.
684 2076 722 2129 iii.
736 2082 804 2130 895:
828 2077 887 2130 Sed
901 2084 990 2128 tamen
1006 2073 1091 2129 haret
1107 2093 1193 2142 amor,
1207 2079 1304 2130 crescit
1322 2095 1355 2130 ue
1373 2080 1422 2132 do·

371 2149 428 2202 lare
441 2149 564 2217 repulsa.
602 2147 743 2201 Sententia
754 2146 809 2200 fere
822 2145 946 2199 convenit
964 2145 1112 2215 proverbio,
1128 2159 1180 2215 quo
1193 2146 1280 2199 utitur
1322 2149 1424 2201 oratius

373 2218 459 2272 Serm.
478 2219 506 2272 ii.
526 2225 552 2284 3,
572 2223 641 2271 276:
674 2219 761 2286 ianam
784 2218 880 2285 alodia
904 2219 1148 2270 scrutare—32.
1165 2216 1283 2285 Adjecto
1304 2235 1424 2272 crescere

363 2289 483 2358 flamma
502 2285 592 2356 roae]
623 2288 705 2341 Servo
723 2288 865 2340 lectionem
883 2287 1021 2355 vulgatam
1040 2303 1114 2354 rapo,
1136 2287 1257 2356 quamvis
1275 2287 1422 2341 Withofius

371 2376 444 2411 ruera
456 2359 521 2411 velit
538 2375 570 2410 ex
587 2357 667 2410 simili
684 2357 743 2410 loco
760 2364 854 2426 poetae.
892 2355 964 2409 Nam
976 2357 1020 2409 hic
1032 2374 1087 2408 non
1100 2357 1132 2409 de
1145 2357 1239 2426 quovis
1255 2357 1361 2428 lychno,
1376 2359 1425 2412 sed

371 2427 404 2480 de
416 2428 479 2496 igne
491 2427 551 2496 rogi
563 2445 650 2480 sermo
663 2435 711 2492 est,
725 2429 771 2496 qui
783 2434 954 2495 comparatur
966 2444 1027 2480 curn
1040 2427 1138 2479 amoris
1150 2427 1258 2479 flamma
1267 2428 1423 2482 verberibus

371 2499 512 2562 concitata,
527 2497 598 2567 quia,
614 2504 644 2549 ut
660 2496 704 2550 hic
716 2497 853 2564 virgarum
866 2497 1015 2548 ulmearum
1028 2496 1057 2548 in
1069 2498 1187 2559 verbera,
1202 2497 1240 2549 ita
1256 2497 1316 2550 istic
1332 2498 1421 2567 ligno-

370 2585 431 2622 rum
449 2567 477 2621 iu
494 2585 591 2637 rogum
609 2567 747 2636 congestio
764 2567 878 2620 flammae
892 2566 1096 2620 vehementioris
1113 2573 1254 2621 causaest.
1274 2586 1357 2636 roqus
1368 2568 1421 2622 ita·

372 2655 424 2708 que
436 2639 542 2693 videtur
556 2638 647 2708 paullo
658 2637 817 2690 insolentius
834 2639 866 2690 de
883 2637 976 2706 quovis
994 2637 1065 2690 fasce
1083 2637 1126 2689 vel
1145 2637 1269 2706 congerie
1287 2638 1422 2708 lignorum
1458 2679 1459 2684 η

371 2709 433 2775 dici,
458 2710 504 2779 qui
525 2726 619 2762 acervo
644 2707 748 2761 ardenti
769 2707 902 2776 adjicitur.
944 2707 981 2759 Et
1002 2707 1040 2760 sic
1062 2714 1221 2776 usurpatum
1246 2726 1303 2761 esse
1325 2709 1423 2762 seriore

372 2786 460 2844 aetate,
475 2780 552 2832 docet
566 2779 688 2847 'Gangius
705 2779 733 2830 in
748 2778 867 2832 Glossar.
881 2795 906 2830 v.
920 2779 1025 2844 Ropus.
1063 2777 1188 2830 Fortasse
1206 2779 1311 2846 aclJ'eeto
1328 2796 1423 2848 capere

371 2849 456 2918 possis
476 2866 524 2918 pro
543 2851 669 2914 adaucta,
690 2849 867 2913 accumulato,
888 2853 918 2899 ut
938 2855 1032 2900 auctor
1052 2846 1160 2901 Consol.
1182 2849 1215 2900 ad
1238 2848 1297 2902 Liv.
1315 2867 1340 2903 v,
1358 2855 1420 2916 226,

371 2920 494 2989 aeljectas
512 2937 600 2989 aquas
619 2918 687 2972 dixit
702 2918 874 2972 lacrimarum
889 2917 1001 2970 flumine
1017 2925 1117 2982 auctas,
1133 2918 1166 2970 de
1184 2918 1275 2971 Tiberi
1292 2919 1419 2989 loquens:

381 2991 433 3044 Via
450 3009 482 3044 ca
503 2993 526 3044 it
541 2991 663 3060 orly'eetas
676 2991 768 3044 alueus
780 2991 853 3042 altus
868 2993 1079 3058 aquas—35.
1102 2989 1256 3042 Visceribus
1269 2993 1422 3058 perterrita

411 3104 416 3113 .
438 3009 570 3128 auilites]
605 3061 702 3130 spiritu
726 3059 886 3113 concitatius
908 3065 967 3112 acto
987 3076 1020 3111 ex
1041 3076 1122 3111 cursu
1143 3058 1241 3111 festino
1263 3067 1290 3112 et
1311 3067 1421 3114 terrore.

372 3078 517 3200 lliposiani
529 3131 619 3185 Carm.
630 3148 655 3184 v,
667 3136 728 3184 117:
746 3134 810 3184 totis
817 3130 991 3198 pulmonibus
1003 3131 1088 3183 ardor
1100 3128 1335 3183 anhelat—37.
1348 3132 1421 3183 Tur·

365 3219 470 3270 pesque
489 3203 611 3255 euoluere
628 3197 738 3267 uestes]
770 3201 823 3253 Per
843 3209 934 3268 turpes
949 3199 1073 3268 intelligo
1089 3199 1227 3264 laceratas,
1245 3207 1292 3252 aut
1309 3201 1422 3253 maculis

370 3271 510 3339 sanguinis
528 3279 619 3339 turpes
638 3288 671 3323 ex
689 3271 776 3339 plagis
794 3270 919 3339 acceptis.
958 3269 1003 3322 Sic
1022 3270 1093 3338 apud
1112 3269 1191 3324 Ovid.
1206 3269 1275 3324 Met.
1289 3271 1343 3324 viii.
1360 3275 1421 3325 581.

403 3409 442 3455 27.
455 3409 577 3468 Suspensas
584 3409 683 3467 pondere
692 3423 785 3468 gressus
796 3407 827 3452 G.
839 3404 933 3453 vitiose.
974 3410 1013 3454 29.
1026 3409 1076 3454 Nec
1088 3409 1152 3468 longo
1165 3405 1194 3453 B.
1208 3405 1240 3452 0.
1252 3413 1277 3452 et
1292 3405 1354 3454 aliae.
1372 3408 1423 3454 Nec

369 3473 434 3535 lorge
447 3471 501 3533 Bip.
524 3474 573 3520 Nee
589 3475 678 3534 longum
690 3471 733 3519 Gr.
748 3471 777 3518 P.
791 3469 831 3519 Pi.
850 3473 912 3519 Hinc
928 3474 1018 3533 leugam
1032 3471 1064 3518 R.
1076 3471 1108 3519 G.
1128 3473 1191 3518 Tuae
1207 3473 1296 3533 longum
1309 3470 1338 3517 L.
1381 3473 1421 3518 31.

369 3539 439 3601 Ignes
450 3546 473 3586 et
482 3545 573 3599 pectore
584 3545 687 3585 uerrunt
701 3537 733 3583 A.
747 3533 777 3583 B.
793 3537 825 3584 0.
842 3540 866 3584 e'u
880 3544 970 3597 pectore
982 3553 1051 3584 cresc.
1066 3534 1104 3584 Pi.
1118 3535 1186 3582 Han.
1201 3534 1257 3595 Bip.
1270 3552 1319 3583 eum
1331 3537 1423 3583 uerbere

369 3612 473 3651 crescunt
484 3605 514 3650 G.
532 3609 646 3664 augentur
662 3605 761 3650 cedibus
778 3605 843 3665 ignes
856 3602 886 3649 V.
899 3603 942 3648 Gr.
952 3600 1056 3663 favemus
1073 3603 1174 3648 cedibus
1191 3603 1256 3661 ignee
1270 3600 1302 3647 R.
1312 3598 1422 3661 foveretur

370 3669 426 3714 cad.
438 3672 485 3727 ign.
499 3667 528 3714 L.
571 3671 611 3714 32.
629 3669 660 3714 Ut
675 3670 731 3714 solet
746 3671 844 3714 adducto
857 3666 888 3713 V.
901 3667 944 3713 Gr.
962 3681 1061 3714 creseere
1073 3668 1167 3726 flamma
1178 3681 1238 3711 mera
1248 3677 1293 3726 pro
1304 3681 1358 3727 roga
1368 3676 1420 3710 cor·

369 3730 428 3793 rigit
442 3730 544 3779 Withof.
561 3746 586 3791 p.
597 3732 653 3787 327,
666 3747 695 3777 ex
710 3729 783 3777 Ovid.
797 3731 860 3778 Her.
871 3729 923 3777 xiii.
938 3734 992 3776 114.
1033 3734 1073 3777 33.
1087 3731 1161 3777 Cordo
1178 3733 1278 3776 timorem
1293 3729 1321 3775 Β.
1336 3725 1374 3775 Pi.
1389 3728 1421 3775 0.

362 3795 468 3856 fisrorem
481 3797 511 3844 V.
524 3797 566 3843 Gr.
577 3793 681 3855 fauorem
696 3795 727 3841 R.
745 3798 841 3842 dolorem
853 3796 884 3841 G.
901 3792 969 3855 quod
984 3792 1059 3840 etiam
1076 3791 1175 3851 conjicit
1194 3793 1365 3848 0mmerenus,
1377 3792 1421 3854 qui

369 3867 394 3907 et
406 3859 431 3907 in
443 3860 537 3907 minore
547 3874 618 3906 versu
636 3858 764 3906 substituit
774 3863 839 3906 saeoit
851 3875 925 3906 amere
937 3861 1011 3905 timor.
1046 3856 1112 3904 Mihi
1130 3856 1308 3918 preferendum
1325 3856 1422 3904 videtur

363 3925 474 3986 fluorem,
490 3924 549 3986 quia
564 3925 593 3972 rb
605 3927 735 3985 flagrantia
751 3931 775 3970 et
790 3927 855 3971 cauit
865 3921 906 3968 vix
918 3920 985 3969 aliud
998 3920 1049 3982 pati
1061 3920 1165 3969 videtur.
1210 3926 1250 3969 35.
1264 3924 1332 3970 Nune
1344 3939 1378 3969 rue
1390 3924 1420 3968 G.

372 3991 435 4036 Tuae
447 4006 495 4036 mea
509 3989 563 4049 Bip.
578 3992 705 4050 perterrita
716 3991 799 4049 querit
811 3988 839 4035 B.
854 3986 892 4034 Pi.
908 3987 939 4034 0.
954 3986 1022 4034 Han.
1037 3985 1093 4046 Bip.
1110 3994 1232 4047 pertatem
1245 3990 1328 4047 querit
1342 3987 1373 4032 V.
1389 3987 1420 4032 R.

369 4055 412 4100 Gr.
426 4053 456 4100 L.
469 4054 499 4100 G.
513 4053 543 4100 P.
588 4056 627 4100 37.
640 4055 759 4101 Revolvere
776 4069 853 4100 uersus
872 4052 901 4098 B.
916 4050 956 4098 Pi.
970 4051 1001 4097 0.
1016 4051 1083 4098 Heu.
1101 4058 1125 4098 ct
1142 4049 1203 4096 alie.
1222 4053 1332 4099 revolvere
1349 4059 1422 4099 uestes

371 4117 402 4164 V.
418 4118 449 4165 R.
461 4118 504 4164 Gr.
520 4118 548 4164 P.
561 4118 591 4164 G.
609 4119 707 4165 euoluere
719 4125 790 4165 vertes
802 4115 833 4165 L.
868 4115 931 4163 Haec
945 4121 1055 4164 veterum
1074 4113 1193 4162 librorum
1210 4113 1331 4174 scriptura
1348 4113 1420 4161 veris-

369 4197 437 4228 sima.
