3228 4982
377 413 421 474 62
649 409 756 476 Narra
773 429 815 473 ar
831 408 952 472 Varum
968 409 1160 474 anrronns

377 563 475 614 maquc
482 546 548 614 plus
560 542 700 613 radiare]
728 545 773 598 Sic
786 551 879 598 auctor
891 544 1010 614 Epithal.
1026 544 1107 597 Laur.
1121 562 1147 597 v.
1162 548 1212 597 36:
1227 545 1303 598 Nam
1316 545 1366 598 tibi
1378 559 1431 600 aon

375 632 493 683 qemmae,
508 617 559 668 aed
575 617 656 668 tudae
673 616 774 668 lumina
790 618 901 681 pemmis
909 637 920 674 ,·
940 614 1032 683 Atque
1048 615 1122 667 alias
1138 616 1227 679 comit,
1243 633 1298 682 per
1315 623 1340 668 te
1357 634 1429 669 com·

372 688 488 753 ponitur
507 689 750 738 aarum—109.
770 685 874 737 Cuncta
890 683 978 737 trahit
993 701 1089 748 secum,
1110 680 1178 751 etc]
1216 682 1300 736 Hunc
1321 702 1431 738 versum

379 754 526 810 Goldastus
543 754 577 807 ad
594 754 696 808 Parnon.
710 753 772 808 Vet.
789 771 816 837 p.
830 758 874 819 84,
889 760 967 822 putat
979 753 1114 807 Abbatem
1128 751 1328 807 Columbanum
1341 754 1429 823 Epist.

377 823 406 876 ii.
425 824 459 876 ad
481 823 557 878 Seth.
577 842 602 877 v.
621 829 665 889 68,
687 840 863 892 expressisse:
894 824 996 876 Omnia
1018 831 1122 891 tempus
1141 825 1209 890 opit,
1231 841 1291 875 cum
1312 833 1431 892 tempore

376 902 473 947 mnata
485 893 639 959 nohuancr,
654 893 701 963 qui
713 900 741 946 et
751 893 824 945 hunc
837 891 953 946 similem
967 892 1057 957 habet,
1072 911 1097 946 v.
1112 897 1161 945 70:
1190 893 1291 945 Omnia
1304 895 1362 958 dat,
1377 894 1429 947 tol·

377 963 418 1028 lit,
433 965 581 1032 minuitque
593 961 703 1017 volatile
716 971 827 1030 tempus.
865 962 896 1014 P.
907 962 1082 1014 Burmannus
1094 962 1128 1014 ad
1141 961 1253 1014 Anthol.
1266 961 1327 1015 Lat.
1337 962 1389 1016 vol.
1401 963 1429 1017 ii.

377 1049 404 1102 p.
418 1037 479 1098 349,
494 1051 542 1102 pro
555 1034 666 1086 volante
678 1041 781 1099 tempus
795 1031 957 1086 Columbani
972 1031 1065 1084 mallet
1080 1031 1196 1084 scribere
1208 1031 1324 1085 volubile
1337 1031 1429 1084 Maxi-

377 1102 469 1168 miani,
483 1102 607 1172 idemque
619 1102 648 1156 in
658 1101 749 1155 Ovidii
760 1119 848 1166 versu,
860 1101 959 1170 quibis
973 1100 1097 1166 occurrit,
1110 1101 1174 1154 Am.
1187 1100 1206 1153 i.
1220 1105 1246 1166 8,
1259 1107 1302 1166 49,
1317 1108 1345 1154 et
1358 1100 1429 1155 Met.

377 1189 404 1225 x.
425 1178 493 1226 519:
521 1173 639 1225 Labitur
657 1173 766 1237 occulte,
782 1172 917 1241 fallitque
937 1171 1059 1224 volatilis
1079 1179 1154 1236 cetos,
1176 1188 1192 1222 e
1211 1172 1429 1224 membranarum

377 1242 544 1312 quarumdam
561 1242 693 1310 scriptura
707 1241 832 1294 volubilis
843 1249 909 1294 ctos
926 1239 1144 1293 substituendum
1160 1247 1259 1292 censet.
1301 1240 1355 1294 Sed
1370 1241 1429 1294 haec

376 1328 431 1364 non
446 1317 546 1364 temere
562 1310 747 1380 permutanda.
786 1310 859 1362 Illud
877 1308 948 1362 enim
967 1309 1053 1378 poetis
1072 1309 1155 1362 solam
1174 1309 1339 1362 celeritatem
1358 1316 1427 1362 tem-

411 1380 457 1445 ris,
472 1381 522 1432 hoc
535 1381 616 1433 etiam
631 1379 773 1450 (volubile)
787 1379 965 1431 mutationem
980 1379 1234 1448 conversionemque
1250 1396 1341 1431 rerum
1355 1379 1384 1431 in
1396 1397 1429 1432 eo

376 1397 475 1502 ἅψῃ
494 1449 628 1519 exprimit.
666 1449 746 1502 Unde
763 1448 877 1501 Ovidius
895 1447 977 1501 Trist.
991 1466 1016 1502 v.
1029 1453 1055 1512 8,
1073 1453 1120 1501 15:
1142 1449 1277 1501 Postibus
1294 1449 1429 1516 ambipuie

367 1519 488 1588 fortuna
506 1519 632 1572 volubilis
647 1527 732 1584 errat,
747 1518 774 1571 h.
788 1535 811 1572 e.
826 1535 886 1588 quae
903 1516 986 1570 volvit
1003 1524 1031 1570 et
1047 1517 1157 1570 invertit
1175 1517 1273 1570 omnia.
1309 1517 1348 1570 Et
1365 1518 1429 1572 hinc

376 1595 449 1642 recte
464 1595 556 1642 noster
573 1590 706 1657 vertitque
723 1588 849 1641 volubilis
864 1595 939 1640 atas.
978 1586 1115 1641 Caeterum
1127 1594 1154 1639 et
1167 1586 1329 1639 Maximiani
1340 1589 1430 1641 versui

376 1665 506 1711 consonat
525 1658 571 1711 hic
591 1657 740 1727 Calpurnii,
761 1675 787 1712 x.
806 1662 857 1710 32:
888 1657 989 1709 Omnia
1009 1665 1112 1724 tempus
1134 1657 1194 1723 alit,
1217 1665 1321 1725 tempus
1340 1661 1426 1726 rapit,

376 1745 441 1781 usus
458 1731 487 1781 in
499 1736 577 1782 arcto
593 1732 777 1782 est—112.
794 1727 855 1781 Via.
869 1744 928 1780 cum
944 1744 1003 1795 neq.
1021 1729 1060 1779 eit
1076 1725 1145 1779 milti
1157 1744 1240 1794 posse
1259 1724 1354 1794 mori]
1369 1727 1427 1779 Ex-

377 1797 475 1866 pressit
493 1815 527 1850 ex
549 1797 628 1851 Orid.
647 1797 681 1851 A.
696 1797 731 1851 A.
748 1797 777 1849 ii.
795 1801 844 1850 28:
864 1797 906 1850 Et
925 1798 1051 1865 quoniam
1071 1799 1099 1848 in
1116 1796 1357 1864 patria-Vivere
1376 1814 1430 1850 non

372 1869 462 1934 potui,
477 1869 515 1920 sit
531 1866 599 1919 mili
612 1884 695 1934 posse
710 1869 921 1920 mori—113.
935 1868 1020 1918 Dura
1028 1867 1133 1934 premit
1143 1868 1203 1919 mis.
1219 1868 1339 1918 conditio
1351 1864 1427 1933 oitae]

378 1935 505 1990 Conditio
518 1936 649 2005 accipitur
661 1937 693 1989 de
706 1943 777 1988 sorte
789 1935 917 2000 humana,
931 1935 1004 1988 etde
1017 1935 1090 1987 omni
1105 1934 1175 2003 lege,
1190 1952 1272 2057 quam
1287 1935 1430 1989 hominum

377 2005 440 2058 vitae
452 2013 549 2058 natura
561 2005 637 2067 dixit,
652 2022 767 2075 quarum
779 2005 914 2074 praecipua
926 2011 967 2057 est
978 2004 1023 2056 lex
1035 2004 1174 2058 moriendi.
1214 2003 1248 2057 ic.
1262 2004 1297 2056 ad
1309 2004 1368 2058 Att.
1383 2022 1426 2058 xv.

380 2079 407 2127 l:
427 2075 476 2128 Ea
488 2077 641 2129 conditione
653 2076 713 2129 nati
729 2092 829 2139 eamus,
843 2082 874 2127 ut
889 2072 967 2138 nihil,
983 2076 1057 2142 quod
1071 2073 1174 2127 domini
1189 2076 1313 2126 accidere
1327 2078 1427 2142 possit,

376 2163 503 2198 recusare
515 2146 666 2199 debeamus.
705 2144 750 2198 Sic
767 2151 860 2196 auctor
872 2144 950 2212 Eleg.
964 2143 993 2195 in
1006 2143 1057 2197 Ob.
1073 2143 1153 2196 Maec.
1167 2161 1194 2197 v.
1211 2147 1269 2210 118,
1284 2152 1429 2210 coauctam

375 2217 555 2268 conditionem
567 2222 644 2268 vocat
660 2221 759 2268 sortem
777 2214 865 2267 brevis
882 2214 940 2265 aevi.
978 2213 1016 2265 Et
1028 2212 1205 2282 Epitaphium
1221 2213 1362 2283 antiquum
1377 2213 1427 2267 Sa-

375 2283 441 2346 belli
458 2283 487 2335 in
504 2284 600 2337 Burm.
614 2282 726 2337 Anthol.
740 2282 803 2338 Lat.
816 2283 863 2336 lib.
881 2283 916 2335 iv.
934 2286 984 2335 48:
1004 2283 1086 2335 Nunc
1103 2285 1199 2336 etenim
1217 2285 1295 2346 vicie,
1315 2301 1384 2336 nunc
1402 2292 1431 2337 et

367 2353 482 2421 filietas
494 2369 576 2405 eoum
589 2355 689 2417 Ducis,
704 2352 739 2404 ab
753 2351 872 2404 humana
890 2354 1041 2405 conditione
1055 2353 1163 2419 procul,
1178 2351 1335 2420 Propertius
1347 2352 1385 2404 iii.
1403 2357 1426 2418 l,

376 2426 420 2487 60,
440 2425 535 2475 mortis
555 2431 700 2475 extremam
721 2423 899 2475 conditionem
918 2420 1009 2489 posuit
1028 2438 1076 2489 pro
1098 2428 1169 2474 sorte
1188 2419 1237 2475 fati
1256 2427 1283 2474 et
1302 2421 1429 2475 interitus

376 2491 500 2545 omnibus
515 2492 595 2545 rebus
614 2491 760 2548 communi.
798 2489 852 2543 His
869 2508 930 2543 cum
947 2489 1013 2544 locis
1031 2497 1155 2543 nostrum
1172 2498 1311 2560 comparat
1329 2491 1427 2544 Burm.

376 2561 462 2615 Anth.
476 2561 528 2615 vol.
545 2561 563 2615 i.
581 2580 608 2631 p.
621 2565 817 2614 ara—115.
831 2562 912 2614 Mors
928 2569 1024 2628 optata
1041 2563 1152 2614 recedit.
1191 2560 1255 2615 Sen.
1269 2559 1351 2613 Herc.
1368 2559 1427 2614 OEt.

379 2635 441 2684 122:
462 2633 566 2685 Felices
577 2633 698 2700 sequeris
710 2648 790 2696 mors,
804 2631 1145 2700 micerocfieqis.--117.
1163 2631 1262 2682 Tantis
1274 2631 1429 2700 defunctum

371 2702 510 2768 partibus,
529 2700 547 2752 i.
562 2718 585 2753 e.
605 2708 646 2753 tot
662 2701 792 2769 partibus.
831 2700 925 2752 Partes
943 2717 1015 2765 vero,
1030 2699 1127 2769 quibus
1145 2699 1287 2752 defunctus
1306 2700 1349 2765 sit,
1364 2717 1429 2752 mox

376 2777 506 2834 recenset,
520 2785 617 2838 nempe
629 2785 756 2822 sensuum
769 2769 896 2837 corporis,
911 2775 938 2821 et
951 2769 1049 2821 mentis
1066 2768 1286 2821 deminutionem.
1324 2769 1429 2822 Iterum

376 2838 416 2891 sic
427 2838 497 2892 infra
507 2844 607 2904 noster,
619 2856 644 2892 v.
657 2843 723 2891 209:
742 2837 787 2892 irie
794 2839 924 2906 partibus
935 2846 1001 2890 oetac
1013 2839 1133 2907 Deficit.
1171 2839 1328 2909 Pariterque
1340 2838 1359 2891 J
1361 2856 1426 2892 uve·

376 2908 454 2974 salis,
476 2907 524 2963 ubi
544 2908 704 2961 detrimenta
725 2925 853 2961 sensuum
873 2907 902 2960 in
923 2907 1031 2961 senibus
1051 2924 1193 2961 recensens
1217 2908 1251 2960 ad
1270 2907 1429 2961 surditatem

377 2995 470 3031 eorum
481 2978 579 3048 pergit,
592 2979 649 3032 Sat.
660 2996 686 3032 x.
697 2982 762 3031 209:
778 2980 889 3046 adspice
896 2981 991 3046 partis
1000 2978 1081 3030 Nunc
1092 2979 1219 3030 damnum
1231 2979 1428 3031 atterius.—

380 3053 438 3102 118.
458 3050 612 3102 Tartareas
630 3051 683 3103 vio.
703 3056 786 3102 conat.
806 3051 877 3101 inire
895 3050 964 3113 vias,
982 3047 1010 3100 h.
1024 3065 1047 3100 e.
1066 3053 1172 3100 constat
1189 3064 1232 3099 me
1250 3047 1341 3100 vivum
1359 3048 1430 3100 mori

376 3117 503 3187 incipere,
517 3121 591 3172 ciam
609 3120 727 3172 Tartari
738 3117 819 3170 etiam
834 3117 936 3171 Seneca
947 3117 1077 3183 nominat,
1093 3115 1176 3172 Herc.
1188 3115 1246 3169 OEt.
1264 3121 1340 3183 1119,
1355 3119 1429 3171 ciam

409 3255 463 3298 109.
478 3251 528 3298 Pro
538 3252 613 3306 uerti,
625 3250 692 3312 quod
706 3249 733 3297 in
743 3249 850 3314 vulgatis
860 3258 904 3307 est,
915 3253 986 3298 aurit
999 3250 1134 3312 legendum
1147 3267 1206 3308 esse,
1218 3257 1247 3300 ut
1257 3253 1292 3312 τῷ
1302 3251 1375 3298 tralut
1389 3265 1427 3298 re·

374 3313 500 3374 spondeat,
520 3312 653 3362 Goldastus
669 3313 701 3360 ad
719 3314 837 3362 Paroenet.
854 3322 901 3361 vet.
919 3330 942 3374 p.
956 3319 995 3362 84.
1012 3313 1143 3362 existimat.
1179 3315 1236 3377 Ego
1252 3331 1309 3362 vero
1325 3315 1428 3374 praefero

374 3383 450 3425 uertit.
468 3376 526 3424 vid.
538 3384 588 3424 not.
625 3382 677 3424 110.
691 3378 741 3424 Nec
753 3385 803 3439 pat.
818 3385 869 3424 tuta
882 3378 911 3426 L.
929 3394 1019 3424 currere
1035 3395 1143 3439 quemque
1155 3377 1194 3426 Pi.
1210 3379 1241 3426 0.
1253 3386 1278 3425 et
1293 3378 1324 3426 al.
1336 3387 1427 3426 recent.

374 3458 467 3504 queque
480 3442 510 3490 V.
527 3441 569 3488 Gr.
585 3441 631 3488 Pu.
649 3443 730 3489 ducere
746 3458 839 3504 quaque
853 3442 884 3489 G.
924 3446 977 3489 112.
991 3443 1034 3489 Da
1050 3443 1108 3488 milri
1120 3459 1188 3504 poree
1200 3441 1231 3490 V.
1254 3444 1285 3489 sit
1300 3443 1358 3489 mili
1375 3445 1429 3489 aelle

375 3508 434 3554 mori
447 3507 478 3553 R.
515 3505 562 3553 Sed
576 3507 622 3553 hoc
634 3505 781 3553 contrarium
798 3514 834 3553 eet
849 3505 879 3562 ei,
892 3505 958 3569 quod
969 3523 991 3553 v.
1005 3511 1027 3554 8.
1045 3505 1147 3562 dixerat,
1159 3507 1212 3553 velle
1228 3521 1253 3553 se
1269 3507 1334 3561 mori,
1351 3504 1428 3568 idque

374 3573 437 3681 21Ξί
449 3572 702 3694 virtitute.
714 3569 1427 3694 ¹1³..ltltltttttintuitui?t‘lttt-‘¹5

375 3714 445 3759 quam
455 3700 516 3745 dura
529 3699 614 3758 prerrit
630 3714 671 3744 nos
688 3668 744 3753 adra,
756 3715 802 3758 qua
818 3701 907 3745 audito
917 3701 966 3745 cita
977 3706 1017 3745 est.
1054 3697 1100 3745 Sed
1117 3699 1168 3744 lnec
1185 3667 1323 3744 eniendatio
1339 3695 1427 3744 funda·

376 3768 487 3808 mentum
505 3761 610 3816 nullum,
627 3760 674 3807 nisi
690 3759 716 3807 in
733 3760 838 3807 auctoris
855 3759 954 3822 ingenio
970 3762 1049 3808 habet
1086 3765 1138 3808 115.
1159 3763 1246 3822 Optata
1261 3763 1352 3808 recedit.
1387 3760 1427 3808 Sic

375 3839 460 3872 omnes
476 3823 594 3885 impressi
611 3826 698 3885 refuqit
710 3824 741 3870 V.
782 3828 835 3871 116.
848 3825 882 3870 At
897 3840 966 3886 quum
982 3824 1104 3887 pleraeque
1118 3823 1232 3885 vulgatae.
1269 3826 1315 3871 Sed
1330 3840 1380 3871 cum
1394 3825 1426 3872 G.

378 3889 478 3936 Etcum
495 3890 526 3937 R.
539 3895 564 3935 et
576 3888 606 3936 L.
642 3887 691 3934 Pro
708 3889 783 3934 tristis
802 3888 832 3934 R.
850 3889 907 3934 lctus
923 3887 1012 3948 inepte.
1055 3890 1108 3936 117.
1122 3889 1162 3934 Me
1178 3904 1239 3934 nunc
1253 3887 1284 3935 R.
1304 3889 1359 3934 Heu
1375 3905 1427 3935 vcro

375 3967 409 3997 me
423 3952 454 3998 G.
473 3967 529 4014 quae
539 3951 613 3999 etiarn
624 3953 756 4013 &fundum
766 3953 792 3997 in
800 3953 914 4012 portibus.
928 3954 1077 4013 perfunctum
1088 3952 1113 3998 in
1123 3958 1186 4011 part.
1201 3950 1230 3998 L.
1248 3953 1359 4013 defletum
1367 3968 1426 4013 par·

373 4015 436 4060 titus
446 4015 476 4062 V.
513 4019 567 4064 118.
583 4018 707 4063 Tartareas
715 4031 786 4062 unum
795 4015 826 4062 V.
844 4017 923 4063 einum
933 4017 976 4063 Gr.
987 4015 1078 4062 vitiose.
1102 4015 1182 4060 Virum
1191 4022 1305 4062 tartareas
1317 4015 1347 4063 G.
1366 4017 1426 4062 inire

375 4079 426 4123 aios
437 4078 550 4139 vulgatu.
568 4081 635 4124 adire
644 4086 670 4125 et
681 4080 741 4124 inire
752 4078 825 4126 simul
837 4079 935 4126 exhibet
947 4078 977 4126 L.
