3228 4982
407 457 448 519 lu
466 455 711 520 Mnxrumnuu
730 456 1049 521 Wnnusnonsrluns.
1211 464 1253 523 73

200 591 308 661 conjicit
325 595 378 659 die,
393 599 421 645 et
433 594 528 662 probat
546 592 612 646 locis
625 592 734 661 Virgilii
746 592 811 646 AEn.
824 593 860 646 ix.
875 597 907 646 8:
934 595 1035 659 Tame,
1056 596 1130 663 quod
1146 598 1254 662 optanti

201 665 306 716 Diuum
321 666 484 732 promittere
505 681 581 717 acmo
600 664 732 729 Auderet,
754 664 885 717 volvenda
907 665 966 716 dies
985 665 1038 717 eu!
1057 666 1151 718 attulit
1169 666 1250 718 ultro.

202 732 260 788 (tie.
277 735 312 786 ad
329 734 436 787 Divers.
450 733 496 788 lib.
513 734 532 786 i.
546 740 572 799 6,
590 738 620 786 l:
641 743 667 786 et
684 736 747 802 ipsa
765 736 832 798 dies,
854 751 912 802 que
930 735 1058 788 debilitat
1074 737 1252 802 capitatiaues

201 805 388 862 inimieorum,-
413 810 441 857 et
458 804 505 857 lib.
525 804 553 857 ii.
572 808 617 868 28,
636 810 668 857 6:
691 805 750 857 Sed
768 806 850 856 etiam
869 807 936 870 dies,
959 822 1017 873 que
1037 807 1127 858 stultis
1147 823 1251 874 quoque

200 876 304 927 mederi
318 877 394 928 solet.
433 873 542 928 Cottius
555 874 589 926 ad
604 874 661 926 haec
674 873 732 926 loca
745 881 843 939 monet,
858 876 928 926 diem
941 892 999 928 esse
1011 875 1122 944 longum
1135 881 1250 945 tempus.

201 943 239 997 Et
259 944 395 997 interdum
417 944 515 996 diserte
535 946 615 1012 louqa
636 944 752 1010 additur,
773 944 845 1012 quod
863 951 954 997 noster
972 945 1050 1013 Eleg.
1070 945 1098 999 ii.
1117 951 1157 1011 17,
1178 946 1254 999 etin

201 1014 295 1084 primis
316 1014 380 1067 facit
403 1014 528 1067 Tibullus
548 1013 632 1067 libi.
652 1019 678 1079 4,
702 1019 742 1079 17,
763 1014 804 1066 ed.
825 1013 930 1084 Hcyn.:
950 1016 1048 1083 Louqa
1070 1018 1128 1068 dies
1150 1015 1254 1069 homini

202 1087 294 1138 docuit
312 1102 416 1153 parere
440 1085 537 1149 leones,
559 1085 657 1152 Louqa
677 1087 736 1137 dies
756 1086 832 1138 molli
850 1103 920 1138 sara
936 1088 1049 1153 peredit
1069 1103 1152 1154 aqua.
1195 1086 1253 1152 Qui

201 1155 276 1208 locus
289 1155 352 1225 quia
364 1154 402 1208 ita
415 1155 509 1208 similis
525 1161 617 1207 nostro
630 1161 679 1220 est,
694 1162 725 1207 ut
740 1153 923 1208 Maximianus
940 1173 1002 1207 eum
1018 1156 1166 1225 respexisse
1177 1156 1251 1210 vide-

202 1231 271 1290 atur,
285 1225 349 1278 hinc
366 1225 447 1278 etiam
460 1226 572 1294 probare
584 1224 698 1289 videtur,
714 1225 843 1292 seriptum
860 1226 893 1278 ab
910 1243 942 1278 eo
957 1243 1014 1278 esse
1028 1227 1133 1279 Fracta
1147 1229 1191 1279 die
1204 1245 1251 1280 ra-

201 1296 402 1348 lida—em.
417 1296 522 1363 Caspia
535 1291 640 1364 lepris]
671 1295 715 1347 Sic
728 1294 845 1363 appellat
859 1294 1051 1361 Maximianus,
1065 1303 1097 1349 ut
1109 1297 1155 1348 alii
1167 1304 1253 1365 poetae

201 1364 280 1434 tigris
293 1364 436 1418 Armenias
454 1373 501 1417 aut
520 1364 669 1435 Hyrcanas,
685 1366 756 1435 quod
773 1365 845 1417 idem
864 1372 913 1418 est.
950 1364 1028 1435 Virg.
1045 1365 1104 1419 Eel.
1118 1385 1143 1420 v.
1160 1373 1205 1432 29,
1226 1375 1254 1421 et

203 1435 267 1490 AEn.
281 1436 316 1488 iv.
330 1441 391 1489 367.
412 1435 491 1489 Ovid.
506 1435 574 1488 Met.
588 1434 642 1488 viii.
660 1439 717 1489 121.
754 1435 792 1488 Et
802 1436 897 1505 feram
916 1437 1048 1504 Caspium
1067 1437 1132 1489 dicit
1152 1437 1254 1490 Seneca

203 1505 285 1560 Herc.
301 1505 359 1558 OEt.
377 1510 569 1560 lau—273.
588 1507 727 1559 Consumit
738 1523 808 1558 saxa
821 1503 966 1573 uetustas]
992 1506 1118 1559 imitatus
1131 1514 1172 1561 est
1185 1507 1252 1561 Ovi·

203 1576 277 1629 dium
295 1594 329 1629 ex
346 1577 424 1630 Pont.
443 1576 479 1630 iv.
493 1581 519 1642 8,
534 1581 584 1629 49:
612 1577 722 1628 Tabula
742 1579 874 1630 consumit
885 1577 995 1646 ferrum
1017 1578 1188 1646 lapidemque
1207 1597 1252 1632 ve·

203 1655 309 1706 tustae;
328 1648 468 1716 Nullaque
489 1665 534 1700 res
554 1647 643 1714 majus
664 1655 782 1714 tempore
803 1648 886 1699 robur
906 1646 1131 1702 tabet-275.
1149 1650 1254 1702 Melius

196 1726 363 1786 prevertere
382 1712 487 1783 casua]
516 1717 543 1770 h.
563 1734 586 1770 e.
606 1716 702 1770 melius
720 1716 787 1768 mihi
806 1725 857 1782 est,
877 1717 950 1769 obire
969 1724 1040 1782 ante,
1061 1735 1142 1788 quam
1163 1718 1254 1787 plures

203 1788 404 1871 acerbioresque
425 1805 502 1840 casus
523 1785 657 1852 eveniant,
676 1786 743 1838 mibi
763 1786 903 1840 subeundi.
941 1786 986 1839 Ad
1005 1787 1074 1840 hane
1094 1788 1255 1841 sententiam

202 1857 331 1911 Lucanus
343 1857 398 1911 nii.
411 1862 462 1910 29:
482 1860 537 1910 uisi
548 1875 651 1910 summa
665 1859 722 1910 dies
735 1857 861 1922 cumfiue
873 1858 1001 1910 bonorum
1014 1858 1116 1927 Affirit,
1132 1867 1158 1912 et
1172 1861 1255 1912 celeri

197 1930 344 1996 praeemit
355 1930 447 1982 tristia
460 1929 521 1992 leto,
537 1929 677 1980 Dedecori
693 1935 734 1980 est
742 1929 861 1997 frtrtuua
875 1930 966 1996 prior.
1004 1928 1096 1997 Atque
1114 1929 1165 1981 boc
1184 1929 1255 1982 inter

203 1997 369 2052 calamitates
394 1999 481 2066 longae
506 1997 652 2051 senectutis
676 2006 796 2050 recenset
815 1997 955 2051 luvenalis
974 2016 999 2050 x.
1019 2003 1072 2051 243
1091 2015 1163 2068 seqq.
1183 2001 1255 2070 quod

201 2067 244 2121 illi
255 2069 369 2121 videnda
381 2069 593 2138 experiendaque
606 2068 660 2120 sint
676 2068 762 2120 multa
776 2066 982 2137 tristissimaquc
993 2069 1088 2121 domus
1101 2077 1128 2122 et
1139 2069 1254 2123 fortunae

202 2155 258 2192 suae
278 2138 447 2204 detrimenta,
469 2156 529 2208 quae
551 2138 634 2190 setius
654 2137 749 2190 fuisset
769 2155 823 2190 non
843 2137 1081 2193 vidisse—276.
1094 2139 1255 2208 Auticipare

203 2206 287 2276 dieu]
307 2209 494 2278 praeveniendo
512 2216 640 2272 avertere,
661 2225 795 2276 superare.
835 2207 879 2261 Sic
898 2211 1052 2276 autierpere
1070 2213 1143 2262 viam
1156 2209 1254 2263 Ovidio
1332 2205 1335 2212 ’

204 2278 273 2332 Met.
286 2279 324 2332 iii.
338 2284 399 2343 234,
415 2285 456 2332 est
468 2278 581 2331 celerius
596 2285 623 2331 et
640 2278 772 2330 maturius
790 2278 942 2331 absolvere:
963 2282 1013 2332 sed
1025 2297 1079 2348 per
1096 2283 1255 2348 compendia

202 2349 472 2418 moutieAutieipata
491 2351 535 2402 oia
552 2356 600 2401 est.
642 2347 755 2402 Severus
769 2347 885 2402 Sanetus
899 2347 989 2402 Carm.
1004 2349 1071 2402 Buc.
1085 2368 1110 2403 v.
1124 2355 1171 2403 27:
1198 2352 1257 2404 Car

202 2437 256 2473 aaa
274 2422 438 2488 anticipans,
460 2436 519 2488 quae
538 2421 679 2472 metuenda
699 2427 769 2483 suut,
789 2419 919 2472 admosti
938 2421 1057 2472 medicas
1078 2438 1255 2474 mamus.—

202 2495 264 2544 277.
284 2491 394 2543 Certum
412 2490 500 2543 subito
514 2490 642 2560 perferre
658 2485 791 2555 ruinam]
819 2489 852 2541 In
869 2489 938 2541 banc
955 2490 1115 2542 sententiam
1129 2491 1207 2545 Ovid.
1222 2510 1254 2544 ex

204 2560 282 2614 Pont.
296 2559 335 2614 iii.
350 2566 375 2626 7,
389 2565 437 2613 27:
457 2560 559 2612 Mitum
571 2561 617 2612 ille
630 2561 716 2627 perit,
730 2560 821 2612 subita
839 2561 886 2627 qui
902 2562 1033 2626 merqitur
1045 2563 1138 2619 uude,-
1164 2563 1255 2624 Quam

203 2649 254 2684 saa
274 2633 323 2700 qui
341 2632 452 2684 tumidis
473 2629 587 2683 brachia
609 2631 694 2682 lasset
712 2631 934 2698 aquis—278.
956 2631 1077 2683 Grauius
1096 2634 1256 2685 saestiuuisse

203 2697 278 2768 dim]
299 2700 346 2753 diu
358 2702 415 2769 ejus
427 2707 531 2753 metum
542 2700 620 2764 ferre,
635 2699 707 2769 quod
723 2699 806 2752 semel
821 2699 995 2751 metuendum
1013 2707 1062 2754 est.
1100 2700 1189 2754 Aliter
1204 2702 1255 2755 hoc

203 2771 340 2842 eloquitur
363 2770 464 2824 Seneca
483 2770 580 2823 Troad.
594 2775 662 2823 869:
690 2771 822 2838 Optaada
841 2787 913 2822 mors
931 2779 979 2834 est,
996 2773 1054 2823 siue
1072 2780 1142 2824 metu
1160 2776 1255 2826 mortis

203 2844 282 2905 mori,
296 2842 323 2894 h.
338 2858 361 2894 e.
374 2841 515 2910 repentina
533 2857 613 2905 mors,
628 2858 688 2910 quae
707 2847 769 2893 ante
788 2839 935 2908 contingat,
955 2857 1036 2909 quam
1054 2842 1190 2908 metueris,
1205 2861 1254 2912 op-

203 2912 285 2965 tanda
299 2911 415 2964 maxime
428 2917 476 2964 est.
515 2910 633 2976 Qualem
648 2917 763 2963 mortem
778 2911 907 2978 optabant
923 2910 974 2962 sibi
992 2909 1120 2976 Caesares,
1133 2920 1210 2980 pater
1228 2921 1256 2967 et

204 2998 296 3053 nepos,
318 2989 386 3034 teste
406 2980 543 3047 Suetonio,
558 2980 616 3034 lul.
636 2998 658 3034 c.
672 2985 716 3045 87,
736 2986 762 3032 et
779 2980 825 3032 Au
846 3020 853 3032 .
870 2981 1171 3049 99.-281.Jur9ta‚
1191 3001 1253 3036 eou-

203 3048 324 3121 temtus]
361 3051 437 3105 Inter
460 3051 609 3121 praecipuas
630 3067 725 3103 senum
750 2998 871 3119 quereias
893 3056 943 3114 est,
966 3050 1038 3120 quod
1058 3068 1086 3103 se
1108 3053 1255 3105 contemtui

203 3139 262 3176 esse
274 3122 343 3188 aliis,
356 3121 506 3191 praesertim
513 3121 676 3189 junioribus,
690 3126 795 3190 putant.
834 3118 892 3173 Cic.
907 3119 967 3174 Cat.
982 3137 1004 3174 c.
1018 3125 1044 3186 3,
1059 3120 1092 3174 de
1105 3120 1255 3176 Salinatore

203 3200 231 3246 et
244 3193 345 3246 Albino
357 3192 454 3245 refert:
474 3193 633 3260 Deplorare
650 3192 772 3245 solebant
790 3190 983 3259 (senectutem)
998 3199 1053 3244 tum
1070 3194 1144 3260 quod
1158 3194 1254 3261 volup-

204 3265 306 3317 tatibus
322 3271 456 3328 carerent,
470 3271 526 3315 tam
543 3264 617 3330 quod
632 3271 824 3330 spernerentur
841 3263 876 3314 ab
893 3264 937 3327 iis,
953 3279 970 3314 a
988 3263 1084 3331 quibus
1100 3271 1187 3316 esseut
1203 3263 1257 3317 coli

203 3335 421 3388 soliti—282.
437 3333 484 3384 Ea
503 3329 614 3400 tautis‚]
640 3339 667 3385 et
685 3338 728 3385 tot
746 3332 981 3386 amicis—285.
1000 3334 1123 3386 Irrideut
1141 3336 1256 3402 denique

204 3405 302 3470 uultus,
316 3405 358 3457 Et
369 3405 509 3457 tremulum
523 3399 631 3472 eaput]
653 3403 780 3457 Graviter
791 3404 849 3455 haec
862 3403 988 3455 describit
1000 3402 1139 3456 luvenalis
1152 3421 1178 3457 x.
1195 3408 1255 3457 191:

204 3475 350 3544 deformem
374 3483 437 3527 aute
461 3476 552 3528 omnia
577 3474 686 3537 uultum,
708 3474 932 3541 Dissimilemque
953 3475 1090 3525 sui...cum
1114 3491 1177 3526 voce
1199 3483 1254 3526 tre·

204 3547 304 3598 menda
322 3545 456 3599 labraEt
466 3545 531 3613 jam
549 3545 614 3597 lceve
632 3551 723 3611 eaput.
762 3541 887 3596 Catullus
906 3541 996 3595 Carm.
1012 3541 1058 3595 lxi.
1076 3546 1137 3594 llil:
1165 3543 1256 3611 Usque

204 3617 267 3668 dam
280 3616 420 3670 tremulum
432 3633 538 3668 moveas
557 3615 635 3667 Caua
651 3622 755 3681 tempus
764 3613 882 3664 anilitas
901 3613 1001 3664 Omnia
1016 3613 1137 3665 omuibus
1150 3616 1255 3668 anuuit.

205 3684 314 3741 Claudii
326 3686 396 3757 Imp.
410 3693 494 3754 caput
511 3687 629 3738 maxime
645 3684 787 3737 tremulum
802 3682 831 3734 in
847 3681 940 3752 primis
953 3681 1053 3734 derisui
1068 3681 1159 3748 fuisse,
1173 3682 1255 3737 intel-

237 3849 292 3895 272.
313 3846 415 3908 Cuspide
426 3848 494 3906 tiqrie
505 3853 555 3892 erat
568 3845 599 3892 G.
636 3847 691 3893 273.
710 3845 828 3893 Consumit
840 3843 870 3891 V.
889 3843 920 3891 R.
936 3843 979 3893 Gr.
995 3846 1025 3892 G.
1040 3842 1121 3892 ceteri
1132 3852 1253 3892 somniet.

204 3912 259 3959 277.
271 3912 379 3972 Proferre
389 3913 483 3957 ruinam
497 3911 527 3957 G.
540 3909 610 3957 male.
648 3913 703 3958 278.
725 3910 793 3964 Quod
802 3911 893 3954 timeam
905 3909 934 3956 L.
954 3911 1029 3963 Quam
1038 3912 1119 3956 timeas
1133 3910 1164 3957 G.
1198 3913 1254 3958 281.

210 3976 320 4021 Vroleutia
337 3977 423 4022 damna
440 3975 470 4022 L.
496 3975 625 4036 uiolataque
643 3976 729 4020 domm
747 3973 777 4019 V.
796 3973 839 4019 Gr.
857 3973 888 4020 G.
908 3973 989 4020 caeteri
1006 3975 1153 4035 emieataque.
1197 3977 1253 4022 283.

165 4062 170 4069 ·
206 4040 279 4086 Pueri
289 4046 311 4085 et
314 4041 410 4100 juvenes
422 4040 452 4088 L.
467 4041 615 4101 pueriatque
626 4039 725 4085 sinclita
738 4038 798 4098 puel.
811 4036 894 4084 hiante
905 4045 991 4094 metro,
1006 4037 1037 4086 G.
1071 4042 1127 4085 284.
1142 4039 1181 4085 Me
1195 4042 1256 4086 vael-

203 4111 253 4150 tare
269 4103 299 4152 L.
315 4103 346 4151 G.
363 4103 444 4151 caeteri
453 4108 506 4166 J'am
521 4106 627 4151 vocitare.
673 4106 728 4150 285.
749 4103 857 4162 Denique
873 4103 948 4149 aaltm
965 4103 995 4151 L.
1013 4103 1044 4151 G.
1062 4102 1142 4150 coetcri
1160 4105 1254 4150 vultam

206 4166 272 4215 lllud
284 4167 394 4230 praefero,
405 4168 464 4230 quia
474 4167 560 4216 emam
572 4165 662 4229 plurali
675 4168 789 4214 utebatur
803 4181 876 4227 supra
887 4183 908 4215 v.
921 4171 961 4214 94.
