3228 4982
487 382 684 452 Ennunoue
702 382 933 446 Annumnnro.
1198 388 1235 447 17

188 533 381 608 Christianis,
398 555 475 618 quos
490 556 583 596 nemo
605 544 769 618 propterea
783 534 930 596 barbaros
946 543 978 596 et
1000 532 1169 596 lutulentos
1184 556 1237 596 vo-

187 619 304 682 caverit
312 624 331 681 ³.
378 620 485 704 Atque
507 641 545 681 ea
567 618 642 682 vitia
663 618 812 702 sermonis
829 617 1045 682 Maximianus
1067 617 1167 681 multo
1189 618 1237 680 in-

187 705 289 786 geni0,
306 703 471 767 meliorum
492 715 655 788 poetarum
677 701 850 767 imitatione
870 704 996 777 nutrita,
1013 703 1237 766 sententiarum

187 789 303 872 lepore,
319 790 449 874 aliisque
472 789 533 852 stili
548 787 713 852 virtutibus
729 800 917 873 compensat,
935 789 1049 872 quibus
1066 789 1178 852 merito
1193 789 1238 852 vi-

187 875 299 937 deatur
315 886 441 960 captum
456 885 489 937 et
502 874 664 957 ingenium
680 874 727 936 sui
742 874 848 938 saeculi
862 877 1031 959 superirsse.

233 960 315 1033 Quae
338 960 430 1023 hodie
446 958 479 1021 in
491 960 626 1041 'vulgatis
643 959 831 1022 Maximiani
852 960 1002 1043 exemplis
1022 959 1175 1044 reperitur
1190 959 1237 1036 di-

188 1045 264 1108 visio
287 1044 386 1108 libelli
409 1046 476 1128 ejus
498 1044 530 1106 in
554 1044 679 1127 Elegias
696 1043 764 1118 VI,
780 1043 871 1106 valde
894 1044 1073 1129 inaequales
1098 1067 1124 1106 a*
1142 1045 1237 1107 Pom-

187 1130 282 1214 ponio
298 1130 436 1195 Gaurico
450 1129 587 1214 primum
602 1130 726 1193 videtur
747 1128 932 1204 introducta,
949 1130 1003 1215 qui
1018 1153 1070 1192 eas
1085 1152 1140 1213 pro
1156 1129 1238 1212 frag·
1286 1157 1290 1166 ·

187 1216 303 1278 mentis
319 1215 474 1278 Amorum
486 1215 623 1278 Cornelii
640 1213 725 1278 Galli
740 1214 890 1277 vendidit.
929 1215 1000 1299 Ipse
1016 1225 1123 1278 auctor
1138 1237 1237 1278 unum

188 1310 221 1363 et
237 1301 420 1364 continuum
435 1300 587 1375 libellum,
598 1310 634 1363 ut
644 1299 776 1364 Ovidius
788 1300 943 1363 Remedia
956 1300 1079 1376 amoris
1096 1310 1128 1363 et
1144 1300 1237 1363 Diras

187 1385 221 1448 in
239 1385 320 1461 Ibin,
343 1384 552 1470 perscripsisse
575 1385 707 1460 videtur,
724 1385 808 1448 unde
831 1385 917 1452 etin
939 1385 1054 1470 Msptis
1080 1385 1236 1449 veteribus

188 1470 352 1555 inscriptus
367 1481 414 1534 est
430 1473 631 1535 Maximiani
652 1473 744 1546 tiber,
761 1482 793 1532 et
808 1470 1022 1556 antiquissima
1037 1471 1236 1555 exemplaria,

187 1556 338 1640 impressa
361 1566 433 1618 ante
451 1555 633 1630 Gauricum,
651 1555 833 1619 divisionem
852 1556 944 1642 plane
964 1552 1084 1619 nullam
1107 1557 1235 1631 habent,

188 1651 244 1705 aut
258 1641 420 1716 diversam,
437 1641 579 1726 quamvis
599 1663 657 1703 nec
673 1641 754 1704 hanc
772 1641 932 1725 aptiorem.
980 1641 1032 1704 Sic
1047 1664 1074 1704 e.
1090 1663 1120 1724 g.
1136 1641 1168 1702 in
1184 1663 1237 1704 ve-

187 1725 356 1790 tustissima
378 1726 577 1800 Germanica,
594 1749 665 1823 quae
687 1727 729 1788 ad
750 1749 862 1789 manus
884 1737 939 1800 est,
966 1725 1085 1809 Elegiae
1107 1726 1132 1789 Ι.
1157 1749 1238 1790 nova

188 1812 293 1888 sectio,
310 1813 404 1875 rubro
426 1821 534 1898 notata
555 1811 664 1894 incipit
685 1835 713 1874 v.
730 1817 811 1874 227:
838 1812 975 1908 Suscipe
997 1835 1045 1875 rne
1064 1814 1215 1898 genitrix
1224 1841 1237 1886 ,-

188 1907 221 1960 et
243 1919 347 1960 rursus
362 1920 390 1959 v.
406 1901 488 1972 2673
512 1897 589 1960 Non
605 1920 724 1981 queror
740 1900 801 1961 hen
813 1903 827 1960 ‚t
852 1894 963 1978 Elegia
984 1896 1028 1959 ll.
1046 1913 1123 1960 'cum
1145 1897 1245 1959 tertia'

188 1983 356 2066 conjuncta
379 1992 426 2044 est
449 2003 547 2067 usque
572 1981 613 2044 ad
635 2005 664 2044 v.
680 1987 739 2044 35:
770 1983 858 2046 Tnnc
881 2005 930 2046 me
953 1984 1152 2046 visceribus:
1182 1982 1238 2044 sed

189 2078 305 2132 caetera
325 2078 486 2152 praetereo.
533 2066 571 2128 ln
594 2066 700 2129 codice
718 2065 868 2130 Ecclesiae
885 2066 1056 2141 Patavinae,
1073 2088 1168 2151 quem
1191 2066 1239 2128 in-

190 2153 305 2216 dicavit
324 2153 390 2216 Jac.
417 2152 498 2214 Phil.
524 2151 711 2214 Tomasinus
736 2152 768 2212 in
791 2150 994 2232 Bibliothecis
1019 2151 1127 2214 Patav.
1157 2175 1187 2236 p.
1207 2158 1237 2226 8,

191 2237 379 2300 Maximiani
399 2237 479 2300 liber
498 2237 608 2299 intres
625 2236 750 2320 Elegias
765 2235 889 2311 divisus,
906 2236 985 2299 sicut
1000 2236 1095 2299 etiam
1110 2237 1143 2299 in
1159 2237 1239 2300 anti-

190 2346 253 2408 qua
279 2323 444 2386 Parisiensi
468 2321 542 2386 edit.
567 2322 607 2384 de
632 2345 694 2407 qua
717 2343 790 2384 mox
814 2321 963 2396 dicemuS,
988 2322 1149 2408 reperitur.
1197 2323 1240 2385 Et

189 2409 300 2494 primae
324 2408 445 2492 Elegiae
465 2407 623 2492 inscriptio
638 2417 701 2471 est:
726 2410 939 2484 Maximiani,
957 2419 1066 2490 poetce
1089 2411 1238 2482 illustris,

191 2497 376 2578 opusculum
403 2497 443 2558 de
467 2495 538 2578 ejas
561 2495 629 2557 nita
653 2505 684 2557 et
709 2503 892 2557 senectute:
926 2493 1098 2558 Secundae:
1123 2495 1239 2558 Mani-

190 2580 301 2652 miani,
319 2589 430 2664 poetce
453 2579 601 2652 illustris,
618 2581 658 2641 de
672 2579 798 2662 Lyconi
820 2579 889 2658 ejas
907 2579 1024 2652 amica,
1046 2602 1118 2663 quce
1135 2581 1239 2663 ipsum

192 2667 390 2738 deseruerat,
416 2687 484 2727 cnm
508 2672 593 2726 esset
617 2685 737 2727 senen:
771 2660 889 2724 Tertiae
913 2661 1001 2726 lraec:
1026 2664 1237 2738 Maximiani,

184 2759 295 2832 poetae
319 2749 466 2822 illustris,
491 2749 695 2832 dependam
713 2750 829 2833 pirella
856 2749 987 2822 Graeca,
1013 2750 1105 2832 cnjus
1129 2773 1239 2813 amore

191 2835 393 2918 eaptnsfait,
409 2844 441 2898 et
455 2835 494 2897 de
509 2834 669 2896 nonnullis
683 2833 789 2896 atiis⁴.
836 2833 951 2928 Operae
967 2833 1102 2916 pretium
1119 2843 1165 2894 est
1180 2833 1239 2895 hoc

189 2918 257 2981 loco
280 2918 469 2981 mutationes
493 2917 616 2979 crebras
640 2939 712 2979 cum
741 2915 928 2980 Maxim1ani
951 2915 1107 3000 impressis
1133 2939 1240 2979 exem-

226 3071 237 3104 ⁸
249 3068 268 3121 J
270 3087 293 3122 o.
305 3069 427 3123 Hildebr.
438 3069 584 3121 Withofius
596 3069 624 3120 in
637 3067 694 3120 En·
734 3066 846 3136 Gyraldi
864 3066 927 3120 satis
940 3067 1041 3135 cepisse
1057 3067 1171 3134 videtur,
1190 3086 1240 3121 neo

191 3138 281 3191 caeniis
290 3138 408 3204 Criticis,
422 3157 449 3208 p.
458 3144 519 3204 296,
532 3138 610 3206 plene
620 3137 697 3190 aliter
732 3137 856 3189 notitiam
868 3137 992 3190 habuisse
1007 3137 1118 3192 Gaurici
1127 3139 1236 3203 falsarii,

190 3207 331 3262 nebulonis
344 3216 371 3260 et
383 3208 519 3277 scriptoris
528 3207 634 3261 barbari
643 3207 695 3259 cri·
751 3207 780 3258 ui
799 3207 871 3259 solus
891 3207 1088 3260 Maximianum
1107 3208 1136 3259 in
1156 3207 1238 3262 Corn.

118 3311 120 3315 ν
191 3295 253 3329 men
271 3277 437 3330 Maximiano
455 3278 602 3347 impactum
619 3295 694 3330 acoe-
761 3276 845 3328 allum
853 3277 1059 3329 transformavit.
1080 3277 1159 3330 Falso
1167 3279 1239 3330 idem

191 3347 240 3415 pit,
263 3347 367 3416 aliaque
392 3347 463 3401 idem
487 3347 589 3400 ratione
611 3349 644 3400 ab
666 3364 697 3399 eo
732 3346 881 3399 barbariem
895 3347 1023 3398 sermonis
1035 3347 1063 3398 in
1072 3346 1244 3400 Maximiano

190 3415 317 3469 defendit.
349 3417 519 3470 Nebulonem
539 3423 566 3469 et
580 3422 695 3486 nugato·
732 3415 918 3468 inveniendam
939 3415 1055 3469 librariis
1074 3417 1173 3482 deben',
1192 3435 1238 3469 eo·

190 3503 248 3538 rem
261 3486 407 3555 aGyraldo
420 3487 521 3539 dictum
534 3503 591 3538 esse
604 3486 697 3540 existi·
733 3502 846 3554 rumque
866 3484 969 3538 mendis
988 3491 1015 3536 et
1034 3485 1166 3538 erroribus
1179 3503 1238 3538 ora·

191 3562 256 3619 mat,
290 3555 343 3608 uod
360 3573 422 3606 eum
434 3555 576 3623 putaverit,
590 3554 698 3607 nomine
734 3554 835 3606 tionem
853 3553 996 3621 impuram,
1019 3559 1135 3605 metrum
1159 3554 1238 3606 vitio-

192 3573 312 3678 Cornelii
326 3624 400 3679 Galli
415 3623 481 3677 falso
494 3631 630 3693 usurpato,
645 3624 696 3676 im·
734 3640 793 3676 sum
803 3623 945 3688 redditum,
958 3622 1110 3676 arbitratur.
1130 3621 1240 3676 Etenim

191 3701 329 3762 posturam
350 3693 452 3760 fecisse,
478 3711 585 3746 omnem
607 3700 697 3747 autem
732 3692 801 3745 hanc
814 3693 858 3745 cul
878 3709 921 3744 arn
934 3710 985 3744 non
999 3692 1177 3759 librariorum,
1193 3695 1241 3746 sed

190 3763 260 3814 hanc
280 3763 386 3832 culpam
407 3763 436 3815 in
458 3763 641 3816 stolidissimos
662 3764 695 3814 li-
733 3762 817 3832 ipsius
870 3761 996 3814 aximiani
1014 3779 1071 3814 esse
1091 3763 1155 3816 satis
1175 3781 1238 3817 con-

190 3832 292 3885 brarios
316 3833 502 3886 conferendam
526 3839 625 3899 censet,
652 3832 698 3902 qui
734 3838 795 3885 stat.

191 3901 351 3970 opusculum
362 3903 413 3955 hoc
424 3903 504 3956 Corn.
516 3902 596 3957 Gallo
608 3903 697 3971 impu·
770 3905 780 3936 ⁴
794 3901 887 3953 Refert
905 3901 963 3953 haec
980 3901 1146 3954 Fontaninus
1166 3902 1240 3956 Hist.

192 3971 347 4024 deotissime
361 3971 556 4041 adscripserint.
582 3971 625 4024 lta
637 3988 699 4023 vero
736 3970 802 4023 Litt.
817 3970 908 4040 Aquil.
922 3971 968 4023 lib.
982 3970 1000 4024 i.
1015 3988 1071 4040 cap.
1086 3977 1111 4025 3.
1125 3989 1151 4042 p.
1161 3977 1204 4026 49.

192 4041 310 4094 sentiens
334 4041 479 4094 Withofiue
504 4059 553 4094 nec
582 4048 699 4094 mentem
1202 4053 1204 4058 ·

797 4130 814 4170 C
