3228 4982
379 451 421 514 78
651 445 758 515 Noun
775 465 817 512 nr
834 446 954 512 Virum
973 441 1165 512 Lucrinum

376 583 440 639 hinc
459 593 543 639 semet
561 584 650 654 ipsum
665 586 769 654 judicet
787 585 929 654 indignum
948 584 1069 654 longiore
1087 584 1142 636 vita
1160 602 1226 650 esse,
1242 592 1289 636 aut
1307 601 1344 649 se,
1360 585 1433 654 quod

377 657 435 726 ipse
453 657 544 725 cupiat
563 655 652 708 divitis
672 656 768 719 vivere,
787 656 1072 709 condemnet—66.
1092 656 1227 709 Clauderc
1248 663 1333 708 certet
1350 653 1431 723 iter‚]

376 727 450 779 omni
464 727 552 779 studio
564 725 694 794 impedire
706 734 733 778 et
749 725 826 778 linire
843 732 930 778 tentet
946 725 1005 790 iter,
1021 732 1048 779 et
1064 725 1171 794 longius
1189 725 1228 777 ire
1246 732 1319 778 vetet
1336 725 1430 790 alium,

376 813 431 866 quo
444 804 532 848 tamen
545 797 603 865 ipse
620 796 878 865 pertendit—ut.
893 797 997 849 Dicere
1013 799 1039 848 si
1048 792 1197 878 fratrem]
1221 795 1265 848 De
1282 812 1333 848 usu
1349 796 1433 864 hujus

376 866 500 919 vocabuli
512 883 561 934 pro
574 875 696 919 amatore
709 866 761 918 vid.
770 865 894 935 Heynius
906 866 940 917 ad
952 865 1010 918 haec
1024 865 1126 918 Trbulli
1138 865 1176 918 iii.
1194 870 1216 930 l,
1231 871 1279 918 23:
1302 867 1369 918 Hac
1382 867 1434 919 tibi

376 939 420 989 cir
439 937 583 1004 quondam.
603 953 673 988 nunc
685 937 792 1005 frater,
813 944 890 988 casta
909 936 1019 1000 Neaera,
1036 941 1206 989 etc.--69.
1229 936 1329 990 Vincat
1345 935 1434 990 honor

376 1002 494 1072 lucum]
520 1006 660 1059 libidinem
677 1013 704 1058 et
720 1005 856 1058 lasciviam
874 1005 1011 1074 reprimet,
1026 1006 1150 1074 expellat.
1190 1005 1252 1059 Vid.
1267 1024 1292 1062 v,
1308 1011 1350 1059 36.
1365 1014 1393 1058 et
1406 1024 1431 1059 v.

376 1082 420 1131 64.
457 1077 501 1129 De
519 1094 550 1130 ea
567 1076 761 1145 significatione
778 1077 857 1129 turus
874 1083 901 1128 et
918 1077 1032 1128 luxurie
1048 1076 1104 1144 egit
1119 1075 1249 1128 Burman.
1264 1076 1298 1128 ad
1316 1075 1429 1129 Sueton.

378 1146 443 1200 Ner.
464 1165 487 1200 c.
505 1152 666 1200 ae—au.
681 1148 750 1199 Plus
770 1149 851 1212 ratio,
875 1163 956 1214 quarn
975 1149 1016 1198 vis
1035 1142 1130 1213 ceca]
1163 1146 1279 1200 Videtur
1298 1146 1432 1215 respicere

376 1217 444 1270 illud
458 1217 566 1270 Horatii
580 1216 670 1270 Carm.
684 1217 721 1269 iii.
737 1221 762 1282 4,
778 1223 829 1282 65:
853 1217 901 1270 Vis
913 1217 1009 1269 consili
1021 1235 1118 1284 erpere
1131 1217 1198 1270 mole
1211 1219 1268 1269 ruit
1279 1235 1338 1269 sua.

413 1355 507 1410 Norm
526 1373 557 1408 rn
574 1356 712 1410 Euroram
727 1356 845 1410 Ili-a.
866 1357 927 1419 Quo
944 1357 1027 1410 lector
1043 1352 1179 1424 mentem]
1212 1357 1251 1410 Ut
1269 1354 1362 1422 lector,
1383 1357 1432 1410 ubl

376 1427 481 1480 tristem
493 1443 583 1479 rerum
600 1443 719 1478 mearum
738 1426 939 1479 conversionem
957 1427 1086 1480 hactenus
1102 1433 1338 1480 commemoratam
1354 1428 1430 1495 lege·

376 1497 420 1562 rit,
436 1513 517 1566 seque
529 1495 619 1548 animo
632 1496 747 1549 fractum
760 1497 881 1562 senserit,
892 1514 964 1549 nunc
977 1498 1065 1549 denuo
1077 1497 1189 1549 leviores
1197 1497 1350 1564 juventutis
1362 1515 1430 1550 meae

376 1584 454 1620 casus
466 1565 586 1631 audiens,
601 1567 688 1634 erigat
700 1573 726 1619 et
739 1567 860 1619 attendat
877 1567 1006 1632 animum,
1021 1574 1049 1620 et
1061 1574 1157 1620 caetera
1174 1567 1264 1620 moesti
1277 1568 1364 1636 operis
1377 1568 1431 1620 mei

376 1654 537 1706 cognoscere
559 1636 658 1706 cupiat.
690 1655 780 1690 rerunt
801 1639 941 1704 uertipine,
965 1645 1076 1690 mutatae
1101 1637 1215 1690 fortunae
1236 1637 1429 1691 vicissitudine.

377 1708 424 1762 Sic
434 1706 537 1761 Lucan.
547 1706 601 1761 viii.
614 1712 658 1760 lo:
680 1709 802 1760 Occursu
815 1716 941 1776 stupuere
954 1710 1039 1772 ducis,
1055 1710 1187 1776 vertipine
1199 1725 1289 1760 rcrurn
1299 1707 1430 1762 Attoniti.

376 1783 473 1832 —7.
487 1779 615 1831 Nondum
637 1780 705 1846 quid
721 1781 759 1830 sit
778 1775 1011 1844 antor...ndram·.]
1044 1777 1149 1830 Pariter
1169 1777 1266 1832 Claud.
1288 1778 1321 1830 de
1341 1777 1430 1848 Nupt.

377 1847 451 1901 Hon.
465 1867 491 1902 v.
505 1854 538 1900 3:
559 1849 619 1901 Nec
630 1866 714 1902 novus
726 1851 796 1900 unde
808 1850 893 1913 calor,
908 1866 956 1901 nec
974 1850 1042 1916 quid
1058 1850 1179 1916 suspiria
1197 1849 1295 1900 vellent
1305 1849 1433 1912 Noverat

377 1921 509 1985 incipiens
522 1926 549 1971 et
561 1918 650 1971 adhuc
667 1921 780 1986 ipnarus
797 1921 1016 1972 ornandi—8.
1031 1920 1199 1971 Rusticitate
1216 1914 1302 1985 mem]
1328 1919 1432 1987 pudore

376 1988 485 2054 rustico,
519 1988 547 2040 ui
560 1993 625 2054 arte,
641 1988 710 2052 dolo,
726 1988 846 2058 nequitia
862 1988 957 2052 nescit,
972 2006 1021 2040 nec
1038 1990 1118 2041 audet
1135 1988 1185 2053 uti,
1200 1995 1231 2040 ut
1243 1996 1305 2041 voto
1318 2007 1367 2042 suo
1380 2006 1430 2058 poa

377 2059 468 2112 tiatur.
501 2006 585 2112 tiivid.
600 2058 635 2112 A.
650 2056 685 2111 A.
698 2058 716 2110 i.
732 2064 796 2111 607:
823 2060 964 2127 Colloquio
973 2059 1038 2126 jam
1057 2068 1159 2126 ternpus
1176 2061 1263 2124 adest,
1275 2060 1348 2128 supe
1368 2077 1430 2112 rus·

377 2132 429 2181 tice
447 2130 524 2196 lonpe
544 2130 619 2182 Hinc
637 2131 745 2197 pudor:
769 2131 910 2182 audcntem
928 2130 1051 2197 Forsque
1071 2130 1212 2197 Venusque
1221 2130 1314 2197 juvat.
1352 2128 1430 2182 Idem

378 2199 443 2251 Her.
460 2199 523 2252 xvii.
541 2204 605 2252 186:
625 2203 730 2252 utinam
742 2200 807 2252 bene
819 2217 913 2266 capere
925 2200 1038 2267 possis!
1065 2200 1100 2252 Vi
1116 2217 1175 2252 meo
1193 2202 1333 2252 rusticitas
1349 2217 1429 2253 cucu-

376 2272 469 2321 tiendo
479 2271 649 2338 suit—9.
663 2270 732 2322 Mea
746 2287 880 2337 percussa
894 2288 911 2320 o
924 2266 1060 2337 cuspide]
1093 2270 1185 2323 eadem
1203 2287 1256 2339 qua
1272 2287 1323 2338 ego
1341 2276 1431 2322 tactus

376 2355 437 2390 sum
450 2339 559 2390 Amoris
572 2339 671 2406 sagitta
683 2356 817 2406 percussa,
831 2338 889 2407 pari
902 2339 999 2392 amoris
1011 2339 1100 2392 furore
1113 2345 1242 2408 correpta.
1279 2339 1431 2408 Vulgatum

376 2414 417 2460 est
430 2407 551 2476 sagittas,
566 2425 643 2459 arcus
656 2407 765 2460 Amoris
783 2425 831 2476 pro
847 2409 906 2476 ipso
923 2425 1013 2461 amore
1032 2409 1103 2477 poni.
1142 2410 1257 2463 Videtur
1275 2412 1365 2462 tamen
1382 2429 1429 2463 cu·

371 2480 478 2546 pidine,
494 2477 565 2547 quod
583 2477 610 2529 in
630 2477 689 2530 aliis
706 2479 764 2530 edd.
779 2486 828 2542 est,
843 2478 944 2530 firmari
962 2479 1013 2531 hoc
1026 2479 1126 2544 Ovidii,
1142 2479 1210 2533 Met.
1225 2479 1277 2532 xiv.
1290 2485 1341 2532 29:
1370 2482 1429 2548 Op·

378 2557 477 2602 tantern
497 2567 529 2600 uc
549 2551 642 2602 eadem
659 2550 801 2616 parilique
820 2551 947 2616 cupidine
965 2552 1356 2617 captam.-—10.Flaprons
1370 2551 1429 2604 Er-

377 2567 496 2686 rabat,]q
514 2619 604 2672 surore
622 2619 732 2672 incensa
750 2626 777 2671 et
794 2619 929 2688 impotens
947 2619 1030 2672 animi
1048 2622 1204 2688 vagabatur,
1219 2627 1250 2673 ut
1269 2638 1350 2688 supra
1362 2639 1387 2674 v,
1402 2627 1428 2686 5,

378 2691 484 2742 demens
494 2689 620 2759 ferebar.
641 2697 697 2742 tota
717 2707 769 2743 non
787 2692 922 2757 capienda
941 2692 1028 2754 domo,
1049 2689 1088 2742 ita
1106 2689 1206 2755 furens,
1227 2699 1258 2742 ut
1276 2697 1333 2742 tota
1352 2691 1431 2743 domo

377 2759 508 2812 contineri
532 2777 585 2811 non
611 2765 709 2828 posset,
734 2759 799 2828 quin
824 2766 899 2811 extra
921 2760 1013 2828 vagari
1037 2767 1154 2828 cuperet.
1194 2761 1431 2826 Quemadmodum

377 2822 450 2882 Dido
468 2829 540 2898 apud
553 2828 629 2898 Virg.
645 2828 709 2882 AEn.
723 2829 757 2883 iv.
772 2834 840 2882 300:
867 2831 950 2882 Sciit
967 2833 1044 2898 inops
1063 2833 1156 2895 anirni,
1173 2839 1309 2898 totamque
1321 2833 1430 2884 incensa

372 2917 427 2968 per
447 2901 539 2953 urbem
559 2899 845 2954 Bacchatur—ll.
866 2901 1003 2967 Stamina,
1019 2897 1135 2969 pensa]
1170 2901 1240 2966 telae,
1261 2901 1345 2967 colus,
1366 2909 1430 2954 sunt

409 3063 448 3107 66.
463 3061 497 3106 Et
510 3063 571 3121 quod
579 3061 701 3121 pertendit.
716 3061 746 3108 V.
762 3060 805 3107 Gr.
826 3061 861 3106 Et
871 3075 915 3121 quo
927 3061 1048 3121 pertendit.
1065 3057 1119 3106 Bas.
1140 3061 1175 3107 Et
1187 3073 1231 3121 per
1242 3062 1304 3121 quod
1314 3063 1387 3106 tendit
1399 3056 1429 3108 L.

377 3123 459 3170 caeteri
479 3125 569 3172 habent
588 3125 622 3171 Et
640 3141 684 3185 quo
697 3127 826 3185 pretendit.
847 3127 920 3170 tendit
938 3127 981 3171 iter
997 3139 1043 3183 pro
1061 3132 1135 3180 certet,
1148 3124 1178 3171 L.
1198 3126 1301 3171 claudere
1318 3133 1381 3171 curet
1398 3126 1429 3172 V.

377 3192 417 3235 69.
434 3190 538 3234 Succedit
552 3205 596 3234 am.
612 3189 642 3235 G.
661 3205 736 3234 amore
749 3189 779 3235 V.
822 3193 858 3237 70.
876 3191 946 3235 Ratio
962 3189 1067 3249 quantus
1078 3206 1136 3235 caca
1152 3197 1188 3236 est
1207 3187 1233 3234 in
1249 3188 1363 3248 pluribus
1374 3190 1429 3236 vul·

376 3250 446 3312 gatis.
465 3251 507 3296 sed
518 3251 615 3296 divisim
626 3251 783 3298 scribendum
794 3267 845 3298 esse
856 3269 924 3313 quant
940 3255 975 3298 ois
991 3268 1056 3307 caca,
1069 3257 1133 3300 r'ecte
1149 3261 1250 3301 monent
1262 3253 1394 3300 Withofius
1406 3262 1431 3301 et

379 3315 550 3361 Ommerenus.
586 3314 710 3361 Distincte
730 3315 804 3362 etiam
824 3317 869 3361 hoc
887 3315 1004 3375 exprimit
1021 3316 1059 3362 ed.
1073 3325 1143 3364 vetus
1161 3319 1216 3366 Bas.
1252 3319 1310 3364 Plus
1326 3321 1431 3378 quamvis

376 3380 437 3425 ratio
448 3395 499 3424 cera
511 3379 554 3424 cal.
568 3382 607 3425 sol.
623 3378 653 3425 G.
694 3381 730 3426 71.
744 3381 837 3440 Longos
847 3383 952 3441 quamvis
962 3382 1100 3441 deflevimus.
1117 3383 1148 3429 R.
1189 3386 1225 3431 72.
1244 3381 1431 3430 commemorasse

378 3442 408 3490 V.
425 3442 468 3491 Gr.
486 3457 531 3503 pro
543 3445 585 3490 diu
597 3443 626 3490 L.
645 3446 711 3491 senrcl
720 3452 741 3491 et
751 3461 878 3491 numerare.
894 3445 925 3492 G.

412 3512 431 3556 l.
451 3509 576 3570 Operaeest
587 3509 689 3570 pretium
702 3510 732 3557 R.
752 3508 889 3556 estomittit
904 3510 934 3556 G.
975 3516 998 3558 3.
1018 3511 1068 3565 Quo
1082 3512 1150 3558 lector
1162 3512 1193 3560 A.
1208 3511 1238 3558 B.
1253 3509 1291 3558 Pi.
1307 3511 1338 3558 Ο.
1363 3513 1429 3568 Quis,

377 3571 391 3620 i.
405 3589 425 3620 e.
438 3574 502 3634 queis
521 3574 551 3621 V.
567 3575 597 3621 G.
622 3575 672 3629 Quo
688 3582 760 3622 rector
774 3576 805 3622 R.
825 3577 947 3636 fhrrupine
957 3578 995 3636 fr.
1010 3574 1038 3622 L.
1050 3579 1157 3637 fractum
1171 3576 1201 3625 G.
1242 3581 1264 3623 4.
1281 3578 1365 3622 Dicere
1381 3593 1428 3622 cur.

379 3638 409 3684 V.
421 3638 464 3685 Gr.
483 3645 549 3684 curat
563 3639 593 3686 G.
628 3643 652 3687 5.
663 3641 755 3700 Raptus
764 3656 839 3686 amore
850 3640 880 3686 G.
894 3641 1012 3702 Aquilone
1025 3641 1055 3686 V.
1068 3641 1111 3687 Gr.
1130 3643 1223 3688 uidebar
1233 3642 1385 3701 proferetur.
1397 3641 1429 3688 G.

275 3749 281 3759 ,
377 3706 400 3749 6.
415 3703 474 3748 Pau.
488 3710 510 3748 et
526 3711 600 3749 certus
614 3703 644 3750 G.
691 3706 712 3752 7.
727 3706 789 3750 Noui
806 3718 850 3763 pro
867 3721 946 3750 noram
960 3704 991 3750 R.
1005 3703 1035 3750 L.
1081 3709 1102 3751 9.
1118 3706 1172 3751 Nan
1190 3707 1267 3751 minus
1280 3705 1323 3751 Gr.
1339 3705 1370 3752 G.
1389 3705 1430 3751 illa

377 3783 424 3812 aneo
436 3767 466 3813 V.
484 3766 527 3812 Gr.
541 3783 651 3827 percussa
663 3783 678 3812 a
690 3769 782 3828 cuspide
796 3768 826 3812 A.
843 3765 872 3813 B.
887 3766 925 3814 Pi.
941 3767 972 3814 O.
987 3783 1098 3829 percussa
1112 3771 1205 3830 cuspide
1219 3769 1249 3815 G.
1264 3785 1374 3830 percussa
1390 3785 1429 3815 cu-

374 3833 457 3891 pidine
470 3831 500 3877 V.
516 3831 547 3877 R.
563 3831 605 3878 Gr.
619 3831 648 3878 L.
667 3832 760 3892 stuprat
775 3831 813 3878 vel
825 3832 935 3892 flayrans
948 3833 978 3878 V.
991 3833 1084 3893 stuprat
1097 3834 1140 3879 Gr.
1178 3831 1282 3893 Recipio
1299 3832 1429 3880 lectionem

376 3911 484 3954 percussa
501 3912 517 3941 a
533 3898 633 3956 cuspide,
646 3895 706 3957 quia
718 3912 827 3956 percussa
844 3895 922 3958 magis
939 3903 1025 3955 aptum
1042 3904 1079 3943 est
1096 3896 1199 3957 cuspidi,
1218 3913 1293 3958 quam
1310 3897 1429 3958 cupidini.

380 3962 415 4004 ll.
435 3960 545 4006 Carmina
556 3962 626 4021 pulsa
638 3977 676 4022 pr.
691 3961 722 4006 A.
738 3959 767 4006 B.
783 3959 820 4007 Pi.
837 3961 866 4006 Ο.
897 3961 1016 4020 Stapmina
1029 3977 1103 4021 penso
1117 3963 1160 4009 Gr.
1195 3962 1252 4008 Hoc
1269 3961 1343 4008 etiam
1360 3978 1374 4008 e
1389 3977 1429 4008 co-

377 4020 430 4068 dice
447 4023 550 4085 antiquo
566 4023 681 4084 producit
697 4032 722 4071 et
738 4026 824 4085 probat
844 4023 937 4071 Ulitius
953 4024 985 4071 ad
1004 4025 1101 4072 Nemes.
1117 4026 1178 4087 Cyn.
1192 4042 1213 4072 v.
1226 4030 1266 4081 91,
1277 4033 1303 4073 et
1314 4023 1430 4086 stdprninu
1475 4031 1479 4035 '

376 4085 497 4147 scriptum
509 4096 580 4147 putat
591 4104 635 4148 pro
647 4092 753 4144 stamina,
763 4096 791 4136 ut
803 4088 829 4134 in
841 4088 937 4135 Nemes.
950 4091 1087 4152 subtegmine
1098 4105 1142 4149 pro
1153 4092 1283 4145 srubternine,
1295 4089 1321 4136 in
1332 4089 1430 4137 Avieno

376 4153 498 4212 euapnrina
509 4167 554 4210 pro
566 4155 679 4200 crumina.
715 4155 826 4208 Stamina,
836 4169 916 4212 pensa.
931 4153 961 4200 V.
976 4153 1005 4200 L.
1021 4154 1050 4201 P.
1066 4155 1096 4200 G.
1130 4154 1192 4200 Hoec
1204 4153 1278 4200 lectio
1288 4153 1340 4201 eine
1352 4154 1429 4201 dubio
