3228 4982
366 497 409 554 44
704 487 908 552 Maximiani
932 487 1080 552 Eunaia.

368 640 435 704 Sub
450 660 513 725 qua
527 637 678 701 decubuit
693 638 901 724 requiescens,
917 638 1020 722 diligit
1034 639 1180 703 umbram

409 741 544 816 Taurus,
560 749 592 803 et
607 739 755 803 amissum
771 739 885 826 quaerit
899 739 980 804 ovile
994 762 1107 825 pecus:

365 841 499 906 Dulcius
514 841 547 904 in
562 840 658 904 solitis
674 851 779 905 cantat
794 840 964 926 philomela
978 841 1107 918 rubetia

411 944 524 1030 Fitque
540 965 633 1007 suum
648 942 764 1028 rapidis
778 943 871 1007 dulce
887 942 992 1007 cubile
1007 942 1089 1007 feris.

365 1045 420 1108 Tu
433 1055 559 1108 tantum
572 1045 656 1109 bene
670 1054 746 1108 nota
760 1043 828 1121 tibi,
844 1056 940 1131 atque
955 1054 1084 1130 experta
1098 1044 1247 1131 relinquis
1266 1089 1268 1092 -

410 1145 565 1231 Hospitis,
581 1156 615 1210 et
628 1145 731 1230 potius
746 1167 809 1210 non
824 1147 989 1212 manifesta
1003 1147 1093 1232 petis.

367 1248 483 1312 Nonne
497 1248 602 1333 placet
615 1247 728 1313 melius
744 1249 836 1312 certis
851 1249 1010 1314 confidere
1025 1248 1143 1313 rebus?

410 1348 551 1412 Eventus
565 1348 665 1413 varios
681 1371 730 1412 res
744 1371 826 1414 nova
840 1371 964 1434 semper
978 1348 1083 1414 habet.

368 1451 446 1514 Sum
461 1450 648 1533 grandaevus
662 1470 731 1533 ego,
747 1472 806 1514 nec
821 1460 857 1514 tu
870 1450 976 1515 minus
991 1451 1064 1515 alba
1079 1450 1207 1537 capillis,

409 1553 473 1616 Par
487 1563 564 1615 aetas
578 1551 698 1614 animos
714 1551 880 1616 conciliare
895 1551 982 1616 solet.

368 1653 401 1718 Si
416 1654 511 1717 modo
525 1675 590 1717 non
603 1675 739 1738 possum,
756 1653 916 1739 quondam
930 1654 1067 1740 potuisse
1082 1663 1260 1718 memento:

411 1755 555 1831 sileatis,
572 1765 609 1818 ut
621 1753 774 1840 placeam,
789 1777 843 1819 me
857 1755 1010 1841 placuisse
1025 1755 1119 1841 priua

367 1861 537 1924 Permanet
551 1859 694 1924 invalidis
709 1859 886 1925 reverentia
898 1860 1000 1947 prisca
1014 1858 1139 1936 colonis,

409 1960 505 2035 Quod
519 1961 589 2037 fuit,
604 1960 638 2023 in
652 1960 759 2025 vetulo
773 1961 875 2025 milite
888 1962 980 2027 miles
994 1972 1088 2027 amat

367 2063 516 2127 Rusticus
531 2072 696 2147 expertum
710 2062 807 2126 deflet
821 2065 955 2127 cessasse
965 2064 1157 2148 juvencum:

410 2165 494 2229 Cum
509 2187 572 2252 quo
588 2163 760 2241 consenuit,
776 2164 876 2229 victer
888 2164 1021 2229 honorat
1035 2186 1163 2251 equum.

366 2266 436 2330 Nec
450 2289 503 2330 me
518 2267 598 2331 adeo
612 2267 720 2352 primis
736 2267 879 2351 spoliavit
893 2267 1021 2332 floribus
1036 2278 1129 2332 aetas:

409 2367 460 2430 En
475 2367 555 2431 facio
570 2390 685 2444 verena,
702 2377 735 2431 et
748 2390 822 2431 mea
836 2369 919 2432 facta
933 2389 1020 2432 cano.

367 2468 415 2533 Sit
429 2468 572 2553 gravitas,
589 2468 691 2555 sitque
706 2468 773 2555 ipsa
787 2467 846 2532 tibi
860 2469 1040 2533 veneranda
1054 2479 1214 2533 senectus:

410 2570 468 2646 sit,
484 2572 570 2658 quod
583 2580 616 2635 te
630 2571 713 2636 ndsti
728 2570 832 2635 vivere
847 2569 929 2634 velle
944 2570 1010 2635 diu.

366 2673 446 2749 Quis
460 2696 550 2739 suam
564 2674 598 2736 iu
613 2674 741 2738 alterius
756 2674 946 2738 condemnet
961 2673 1091 2738 crimine
1106 2673 1227 2739 vitam?

409 2775 453 2839 Et
467 2798 530 2862 quo
545 2774 713 2859 pertendit,
730 2773 877 2838 claudere
893 2784 992 2838 certet
1005 2773 1089 2838 iter?

364 2877 481 2941 Dicere
496 2877 522 2940 si
536 2877 675 2953 fratrem,
691 2897 747 2940 seu
761 2874 940 2960 dedignaris
953 2875 1102 2954 amicum,

409 2980 472 3045 Dic
485 2992 618 3066 patrem,
635 2979 783 3045 affectum
798 3002 915 3045 nornen
930 2990 1100 3068 utrumque
1115 2990 1212 3045 tenet.

365 3083 482 3147 Vincat
496 3083 595 3148 honor
609 3083 731 3159 luxum,
745 3083 845 3168 pietas
860 3083 1007 3148 succedat
1021 3082 1137 3148 amoris

409 3184 485 3248 Plus
500 3185 589 3258 ratio,
605 3205 702 3268 quam
717 3183 763 3247 vis
778 3205 872 3260 eaeca,
888 3184 992 3248 valere
1008 3185 1095 3250 solet

366 3284 426 3347 His
441 3283 576 3347 lacrimis
591 3281 708 3364 longos,
725 3292 879 3368 quantum
894 3283 949 3358 fas,
965 3284 1109 3347 flevimus
1124 3305 1238 3348 annos:

409 3385 466 3449 Fst
480 3405 584 3468 grave,
600 3383 687 3470 quod
700 3383 815 3459 doleat,
831 3405 1077 3450 commemorare
1092 3385 1157 3449 diu.

779 3643 916 3703 ELEG.
941 3644 999 3702 III.

366 3793 461 3856 Nunc
476 3813 580 3876 operae
595 3791 732 3876 pretium
747 3802 794 3857 est
808 3793 956 3878 quaedam
971 3814 1146 3860 memorare
1156 3794 1309 3880 juventa,

409 3894 516 3979 Atque
532 3894 699 3960 senectutis
714 3917 815 3981 pauca
829 3895 945 3962 referre
960 3919 1059 3962 meae:

365 3995 439 4069 Quo
454 3995 552 4060 lector
566 4008 707 4062 mentem
723 4021 828 4064 rerum
843 3999 995 4084 vertigine
1011 3995 1141 4064 fractam

408 4096 527 4179 Erigat,
544 4110 576 4161 et
591 4111 739 4166 maestum
754 4125 881 4167 noscere
898 4112 986 4167 curet
1000 4124 1087 4188 opus.
