3228 4982
340 479 384 541 58
612 470 719 538 Nora
735 493 777 536 nr
793 469 914 536 Vsum
931 470 1124 538 anrrouas

340 608 549 674 accommodare,
564 616 596 662 ut
607 608 661 661 Pro
695 616 729 662 rt.
742 609 777 663 ir.
791 613 818 674 8,
834 614 867 662 77
876 628 883 661 :
909 610 988 662 Colla
1001 626 1066 662 cave
1078 610 1203 678 inflectas
1216 610 1256 660 ad
1265 621 1395 661 summum

340 681 451 748 obliqua
464 677 606 732 theatrum.
670 677 677 691 ‘
721 680 857 748 inflectere
869 687 910 731 est
922 695 1085 747 permovere,
1097 677 1274 731 adsuefacere.
1296 677 1394 732 Claud.

268 803 272 810 ,
340 766 372 802 rr
385 747 466 802 Cous.
480 747 553 800 Hon.
567 753 636 802 300:
656 766 704 801 acc
715 751 756 802 sic
768 749 904 818 inflectere
920 766 1013 801 sensus
1026 748 1169 802 Humanas
1186 750 1277 801 edicta
1292 749 1393 812 caleat,

339 827 371 871 art
387 821 445 871 cita
464 820 705 885 repentia-42.
719 818 782 872 Hoc
799 835 903 886 quoque
914 821 1044 871 virtutum
1061 814 1234 885 certamina]
1248 834 1344 885 nempe
1362 834 1396 870 eo

340 904 394 957 qno
408 887 520 940 virtutes
537 887 593 940 sire
609 886 678 940 vires
693 887 803 941 bibendi
818 889 973 956 probantur.
1011 886 1123 940 Cartare
1139 887 1212 940 enim
1227 886 1352 952 bibendo,
1368 893 1396 939 et

339 956 446 1010 vincere
457 956 528 1010 rinei
547 975 581 1010 ue
596 957 716 1010 sollenne
727 964 785 1010 erat
796 957 824 1010 in
836 956 986 1027 symposiis.
1013 956 1075 1011 Vid.
1085 956 1153 1010 Hor.
1163 956 1254 1010 Carm.
1266 956 1284 1008 i.
1296 961 1339 1020 36,
1353 960 1393 1010 14.

340 1025 464 1080 Virtutes
475 1025 531 1079 inte
553 1026 560 1039 ‘
582 1026 612 1092 ·t,
626 1027 719 1096 quales
734 1027 864 1080 hactenus
880 1026 1013 1096 exposuit,
1027 1025 1145 1095 corporis
1161 1034 1243 1095 atque
1258 1027 1393 1078 membro·

340 1113 410 1161 rum,
424 1113 513 1166 neque
524 1096 609 1165 igitur
621 1097 769 1150 audiendus
784 1095 929 1150 Withofius
941 1096 1009 1150 Enc.
1027 1095 1096 1150 crit.
1109 1114 1136 1165 p.
1149 1100 1211 1161 301,
1230 1095 1286 1165 qui,
1305 1101 1336 1148 ut
1352 1095 1393 1147 ri-

340 1164 419 1232 tium,
433 1166 504 1236 quod
516 1173 558 1220 est
573 1166 602 1218 in
616 1166 724 1219 nomine
741 1167 891 1231 Socratem
908 1165 1037 1230 eliminet,
1055 1167 1205 1219 Doctorem
1220 1182 1270 1248 pro
1286 1181 1318 1217 ea
1330 1182 1395 1218 voce

340 1235 425 1304 ponit,
439 1245 468 1289 et
481 1235 618 1289 Socratem
635 1235 679 1288 hic
694 1238 829 1289 doctorem
844 1239 982 1300 virtutum,
997 1252 1057 1304 quae
1074 1241 1137 1288 sunt
1153 1234 1245 1300 animi,
1259 1251 1308 1303 per
1325 1234 1392 1287 emi·

341 1304 460 1358 nentium
484 1304 573 1358 vocari
597 1312 692 1374 putat:
722 1306 785 1359 Hoc
809 1323 913 1373 qaoque
937 1307 1066 1358 sirmam
1090 1307 1226 1386 quondam
1247 1307 1394 1386 certamine

339 1392 465 1495 titt
478 1375 1094 1513 ultimitattttttttitttt
1107 1373 1395 1512 ..Sildiuifmdiii

342 1513 483 1566 Socratem
495 1513 612 1566 secunda
623 1513 705 1581 longa
716 1512 875 1575 enuntiavit,
886 1512 950 1565 fecit
961 1512 989 1565 id
1001 1520 1128 1582 corrupto
1141 1512 1227 1566 aetatis
1241 1530 1296 1566 suae
1308 1530 1391 1578 more,

339 1581 471 1652 siquidem
482 1581 554 1635 idem
566 1582 675 1635 admisit
688 1581 814 1635 Sidonius
823 1581 914 1652 Apoll.
928 1582 1047 1651 Epithal.
1062 1582 1164 1636 Polem.
1176 1600 1200 1635 v.
1215 1587 1266 1635 96:
1289 1583 1391 1636 Sacra·

340 1653 396 1705 tica
403 1661 471 1720 post
481 1651 551 1706 tanc
565 1654 647 1706 Secta
659 1654 750 1706 micat.
787 1652 825 1705 Et
837 1651 976 1718 Paulinus,
990 1659 1084 1704 auctor
1098 1651 1287 1717 Eucharistici,
1301 1670 1326 1705 r.
1341 1657 1391 1705 73:

340 1723 484 1790 Dogmata
507 1723 641 1788 Sacratis,
664 1731 691 1776 et
713 1723 811 1776 bellica
830 1724 972 1790 plasmata
995 1722 1118 1775 Homeri.
1163 1721 1301 1775 Caeterum
1322 1722 1395 1791 quod

341 1790 465 1845 Socrates
477 1792 615 1846 consuerit
626 1792 754 1846 interesse
765 1791 949 1862 frequentibus
961 1809 1020 1861 sym
1056 1791 1111 1856 siis,
1125 1790 1211 1860 iisque
1225 1808 1274 1860 pro
1290 1791 1349 1844 loco
1366 1797 1394 1844 et

340 1861 479 1914 occasione
486 1861 627 1916 differendi
634 1863 667 1915 de
676 1864 756 1915 rebus
765 1861 880 1931 egregiis
890 1861 1008 1928 uti‚hine
1047 1860 1196 1914 eximienus
1204 1862 1296 1929 jocose
1304 1861 1391 1926 fiuxit,

340 1947 403 1983 eum
421 1948 550 1999 magnum
571 1939 781 2001 compotatorem
799 1931 1006 1985 finisse—49.
1025 1931 1108 1996 Hinc,
1128 1947 1224 1999 nempe
1244 1930 1287 1983 his
1306 1930 1392 1983 virtu-

341 1999 414 2054 tibus
423 2001 540 2055 valuisse
552 2002 690 2066 Catonem,
699 2001 741 2054 his
753 2001 884 2070 respicere
897 2001 1022 2054 ridentur
1033 2002 1114 2054 verba
1126 1999 1193 2053 Hor.
1202 1999 1291 2054 Carm.
1302 1999 1391 2066 iiior,

344 2074 394 2123 m:
415 2071 561 2124 Narratur
572 2080 600 2124 et
606 2073 697 2139 prisci
713 2072 827 2124 Catonis
841 2072 919 2138 cape
930 2089 1003 2124 mero
1015 2071 1131 2124 caluisse
1144 2072 1239 2123 virtus.
1271 2069 1393 2123 Eandem

340 2139 441 2192 famam
456 2147 564 2194 secutrss
581 2141 716 2195 Martialis
730 2141 758 2194 ii.
776 2145 827 2194 89:
855 2142 938 2204 Quod
950 2143 1034 2194 nimio
1048 2142 1153 2208 gaudes
1170 2148 1272 2193 noctem
1285 2141 1392 2207 proda-

340 2227 401 2263 cere
414 2213 485 2276 circo,
500 2212 633 2279 Ignosco:
651 2213 755 2278 citium,
776 2213 880 2274 Gaura,
900 2212 1013 2265 Gatoais
1027 2209 1119 2265 labes.
1157 2209 1211 2262 Sed
1223 2209 1312 2278 opinio
1324 2209 1391 2275 haec,

341 2278 474 2332 Catonem
497 2297 527 2332 se
549 2279 652 2348 largius
672 2280 734 2333 rino
755 2280 868 2334 invitare
889 2280 1008 2344 solitum,
1029 2279 1097 2333 falsa
1115 2279 1176 2344 fuit,
1198 2279 1289 2346 judice
1310 2279 1393 2333 Dion.

341 2347 474 2402 Lambino
485 2349 519 2401 ad
532 2347 640 2402 Horatii
652 2350 670 2402 l.
684 2366 708 2403 c.
744 2348 783 2402 Et
799 2349 960 2403 Plutarchus
972 2350 1034 2402 vitae
1050 2350 1108 2417 ejus
1125 2349 1248 2417 scriptor,
1263 2355 1322 2402 tum
1336 2348 1393 2417 ipse
1418 2401 1421 2404 .

341 2417 411 2472 cato
425 2418 498 2486 apud
514 2417 601 2472 Cicer.
621 2419 654 2472 de
673 2419 736 2472 Seu.
756 2436 778 2471 c.
802 2423 842 2484 14,
862 2419 985 2484 affirmat,
1006 2419 1168 2472 delectatum
1186 2436 1248 2471 eum
1266 2417 1394 2472 conviviis

339 2486 497 2552 vicinorum,
512 2487 638 2541 aviditate
651 2487 779 2541 sermonis
792 2505 854 2541 cum
869 2488 992 2558 plurimis
1003 2488 1134 2541 miscendi
1147 2488 1181 2541 ad
1198 2488 1309 2541 multam
1327 2505 1391 2540 noc·

340 2563 396 2610 tem
408 2557 670 2626 productis—bl.
682 2557 734 2612 Aa
742 2567 884 2628 rimamque
888 2555 1020 2628 ferebar]
1034 2558 1136 2611 malum
1151 2575 1226 2628 aeque
1238 2575 1269 2610 ac
1280 2559 1390 2623 bonum,

340 2627 412 2696 quod
429 2627 497 2680 mihi
514 2627 697 2698 contingeret:
719 2628 827 2699 utrique
846 2628 940 2682 obvius
959 2628 1056 2681 fiebam
1072 2634 1196 2750 prompto
1215 2634 1242 2680 et
1259 2627 1393 2695 intrepido

340 2697 555 2752 animo.--54.
570 2698 613 2750 Et
623 2716 713 2752 reram
725 2701 849 2752 damiam
860 2700 902 2750 ail
911 2694 1053 2769 capsaci]
1099 2715 1116 2748 x
1133 2704 1223 2750 mente
1241 2696 1392 2750 Stoicorum

339 2765 387 2830 ait,
408 2766 498 2819 omnia
517 2783 545 2819 se
562 2767 706 2835 possidere,
727 2768 847 2821 omnium
865 2785 956 2820 rerum
974 2785 1003 2821 se
1020 2767 1157 2820 dominum
1177 2784 1243 2832 esse,
1261 2766 1392 2836 siquidem

340 2834 409 2888 nihil
432 2835 532 2905 cupiat,
555 2852 643 2906 neque
666 2837 748 2890 ullius
769 2837 809 2890 rei
827 2837 955 2906 indigeat.
981 2837 1125 2906 respiciens
1146 2835 1215 2889 forte
1233 2835 1393 2890 sententiam

324 2931 328 2946 ι
341 2904 410 2959 Ηοι.
424 2904 515 2960 Carra.
525 2904 564 2960 iii.
576 2910 617 2972 16,
631 2911 683 2962 25:
702 2907 745 2960 nil
754 2909 918 2976 cupientium
930 2908 1029 2960 Nudas
1041 2915 1134 2959 castra
1141 2914 1244 2975 peto-
1250 2907 1393 2959 Contemtc

341 2977 464 3029 damiam
485 2977 656 3045 splendidior
676 2979 726 3043 rei,
750 2983 801 3032 etc.
846 2977 970 3030 Fortasse
992 2994 1082 3031 reram
1101 2979 1236 3030 dominam
1256 2975 1392 3044 appellans

340 3062 433 3114 regem
444 3063 473 3099 se
485 3063 543 3100 esse
555 3046 629 3113 dicit,
643 3046 711 3100 nihil
723 3047 863 3117 cupiendo,
878 3047 942 3130 quia
953 3065 1043 3100 reram
1056 3049 1146 3114 potiri
1162 3047 1288 3099 dicuntur
1305 3061 1391 3113 reges.

341 3115 380 3169 Et
391 3115 429 3168 sic
441 3115 563 3170 imitatus
575 3116 681 3170 videtur
694 3117 832 3182 Senecam,
847 3134 894 3186 qur
909 3117 938 3168 in
952 3117 1063 3186 Thyest·
1077 3134 1102 3170 v.
1115 3121 1186 3169 388:
1207 3117 1271 3169 Rea
1284 3123 1332 3180 est,
1347 3117 1394 3183 qui

341 3187 437 3238 metuit
453 3185 541 3238 nihil.-
563 3187 627 3239 Rea
646 3194 693 3251 est,
714 3189 762 3254 qai
779 3188 870 3254 cupiet
886 3184 964 3238 aiiii.
1003 3187 1065 3238 Hoc
1082 3203 1192 3251 reqaum
1210 3186 1264 3238 sibi
1281 3187 1393 3252 quisquc

340 3255 399 3307 dat.
437 3253 574 3307 Caeterum
590 3255 686 3306 ultima
703 3254 731 3307 in
749 3256 881 3322 cupiendo
898 3261 1021 3322 correpta
1039 3253 1177 3306 deterioris
1195 3253 1246 3306 aeri
1263 3253 1394 3306 indicium

340 3329 390 3376 est.
428 3321 506 3376 Conf.
524 3321 642 3375 Licentii
660 3322 750 3377 Carm.
763 3341 789 3376 r.
805 3327 943 3376 1.—-57.
961 3324 997 3374 Ia
1012 3331 1037 3376 te
1051 3319 1215 3388 corruimus]
1235 3322 1296 3374 Tua
1312 3337 1393 3374 causa

339 3392 379 3458 fit,
400 3399 430 3446 ut
448 3408 558 3461 corpore
576 3392 655 3462 plane
672 3391 804 3446 labefacto
822 3393 1027 3461 procumbentes
1046 3391 1205 3444 occidamus.
1243 3390 1287 3443 Ita
1300 3390 1391 3444 Auso·

339 3519 409 3561 vetus
428 3510 581 3568 Germanica,
598 3527 673 3574 quam
688 3510 817 3559 lectionem
833 3512 923 3558 bonam
939 3509 1059 3567 existimo,
1077 3525 1132 3584 quae
1149 3507 1220 3557 facile
1237 3507 1394 3558 librariorum

341 3575 435 3624 incuria
453 3575 520 3624 abim
539 3575 565 3624 in
582 3579 655 3624 teretis
672 3575 761 3637 potuit.
799 3576 866 3624 Nam
884 3582 969 3624 auctor
988 3575 1049 3631 vult.
1066 3573 1165 3622 difficile
1184 3573 1316 3622 admodum
1334 3589 1392 3632 esse,

340 3639 451 3688 animum
462 3639 497 3688 ita
507 3640 689 3689 accommodare
704 3642 775 3688 rebus
790 3639 911 3696 omnibus,
927 3647 952 3688 et
967 3639 1064 3688 flectere
1080 3639 1106 3686 in
1121 3654 1206 3686 omnes
1221 3646 1301 3699 partes
1315 3653 1392 3699 posse,

340 3712 370 3752 ut
381 3703 501 3752 contraria
511 3703 579 3760 adeo,
591 3713 616 3754 et
628 3721 684 3768 ques
694 3704 741 3753 sibi
751 3704 851 3752 adversa
861 3711 926 3760 sunt,
938 3704 990 3765 pari
1004 3703 1120 3752 facilitate
1130 3703 1198 3750 ferat.
1237 3703 1285 3750 Sed
1294 3702 1394 3750 fortasse

340 3771 413 3816 tantia
423 3767 592 3828 accipiendum
602 3777 639 3817 est
654 3783 699 3829 pro
710 3775 750 3825 tot,
761 3767 885 3830 quomodo
900 3768 988 3828 saepius
1004 3766 1109 3816 occurrit
1124 3767 1190 3827 apud
1204 3766 1332 3827 scriptores
1348 3766 1393 3814 aevi

340 3831 423 3880 medii.
466 3831 549 3894 Igitur
568 3831 631 3879 nihil
647 3839 742 3879 mutare
754 3831 828 3879 volui.
869 3833 907 3880 47.
933 3833 1061 3880 Certamine
1079 3847 1186 3891 magnam
1202 3831 1314 3892 vulgata.
1334 3838 1387 3877 cert.

339 3911 422 3956 maana
434 3896 465 3943 V.
478 3898 600 3943 conamine
610 3897 701 3958 bacam
714 3896 746 3943 G.
763 3895 830 3958 quod
844 3894 959 3943 vitiosum
972 3895 1075 3943 videtur.
1113 3899 1151 3942 48.
1172 3896 1208 3941 Et
1227 3897 1340 3941 Socratem
1359 3895 1390 3941 R.

341 3959 464 4006 Doctorum
502 3975 529 4008 ro
553 3963 673 4017 Socratem,
696 3959 767 4022 quasi
788 3959 909 4008 virtutum
930 3959 1062 4016 doctorem,
1082 3957 1122 4005 hic
1143 3957 1234 4020 ingerit
1251 3957 1392 4014 Withofius,

339 4037 370 4081 p:
377 4026 433 4069 301.
453 3974 501 4069 sed
507 4031 591 4071 contra
602 4031 709 4072 mentem
720 4023 833 4072 auctoris.
869 4028 909 4072 50.
926 4026 975 4071 Nec
985 4040 1021 4070 rer
1033 4023 1063 4071 L.
1078 4025 1119 4070 red
1128 4023 1189 4068 acala
1196 4024 1266 4083 facta
1279 4022 1310 4070 V.
1321 4030 1347 4069 et
1361 4022 1393 4070 G.

339 4089 378 4133 nl.
390 4085 433 4132 Ad
443 4089 663 4149 utrumqueserebar
674 4088 705 4136 V.
716 4088 745 4136 1..
756 4088 788 4135 A.
799 4088 837 4135 Pi.
845 4088 875 4135 0.
896 4105 1032 4149 qaoecvaqae
1042 4089 1123 4149 foreat
1132 4088 1230 4134 adrem
1235 4088 1340 4148 scribam
1354 4086 1385 4134 R.

343 4149 374 4196 G.
410 4152 449 4198 52.
471 4151 663 4214 iiirtiaqaaqcc
674 4151 704 4198 L.
740 4156 780 4200 56.
803 4153 955 4200 Cunctaralet
966 4151 997 4198 V.
