3228 4982
551 403 604 465 Da
623 401 845 466 Msxrrurlua
1182 405 1220 467 31

220 551 302 614 XII.
326 550 474 614 JANUS
498 499 659 615 DOUlsA
683 552 714 613 in
740 551 871 614 Praecid.
895 551 935 614 ad
966 551 1091 614 Petron.
1115 551 1168 615 lib.
1192 553 1223 616 ii.

177 660 214 700 ca
236 637 335 700 ‚ultz

215 660 471 787 Iiinimadoertas
493 723 570 786 licet
595 723 779 786 barbariem
803 746 844 787 ac
867 725 980 786 sordes
1002 724 1110 786 nescio
1133 725 1225 808 cnjus

177 809 390 883 Maximiani,
408 808 464 890 qui
477 829 579 890 nsque
593 810 699 871 adbuc
714 817 819 871 tamen
828 829 893 889 pro
932 808 1057 891 rinoipe
1073 809 1130 872 illo
1144 810 1195 871 Et
1212 847 1225 859 -

175 894 365 978 giograpbo
386 893 482 954 Corn.
502 893 614 968 Gallo,
631 915 693 955 non
709 894 782 955 dico
798 894 888 968 milri,
903 831 975 953 ileo
993 891 1092 954 bardo
1102 891 1223 976 juveni,

176 999 280 1062 neque
293 975 376 1039 naris
387 976 501 1050 obesae,
513 979 572 1039 sed
582 978 707 1042 stolida
720 979 941 1061 imperitorum
951 979 1052 1040 turba
1063 981 1224 1054 obtrusus,

177 1065 211 1125 in
223 1064 316 1148 cujus
326 1062 566 1146 impurissimis,
578 1062 826 1137 carminibusue,
837 1085 879 1124 an
887 1062 1085 1139 criminibus,
1097 1064 1225 1126 dicam?

177 1148 231 1210 bic
247 1169 374 1243 quoqne
388 1148 473 1209 inter
489 1155 606 1208 catera
619 1154 822 1229 pentameter
837 1169 1030 1209 occursurus
1044 1157 1093 1210 est
1108 1148 1169 1210 tibi
1179 1173 1190 1210 :

222 1232 334 1294 Carras
350 1229 391 1292 ad
406 1228 543 1293 officium
559 1251 673 1291 carnea
686 1229 831 1292 membra
845 1228 980 1314 placent.

228 1317 272 1379 Ut
283 1317 366 1380 enirn
378 1336 492 1378 carnea
500 1315 644 1377 membra
655 1317 731 1392 ista,
741 1339 806 1400 pro
818 1318 966 1379 carnosis
978 1315 1010 1379 et
1021 1317 1225 1402 succipienis,

178 1403 376 1465 auctoritate
390 1402 575 1476 Martialis,
592 1401 648 1485 qai
664 1399 821 1462 ternarius
842 1422 921 1474 sum,
939 1402 1046 1465 codem
1057 1402 1139 1485 sere
1158 1402 1226 1486 sig·

178 1488 313 1571 nificatu
323 1489 481 1570 princeps
496 1487 585 1549 nisus
593 1488 783 1570 procedere,
801 1487 1000 1569 defensitare
1014 1487 1163 1568 facultas
1183 1488 1227 1549 sit

178 1572 294 1645 nobis,·
322 1571 406 1633 illud
426 1581 532 1634 tamen
556 1592 621 1653 qna
643 1571 771 1633 ratione
782 1571 877 1653 ferri
893 1572 1013 1654 possit,
1037 1594 1099 1634 non
1122 1573 1225 1644 video,

178 1653 279 1717 carnis
305 1652 453 1729 officium,
466 1677 533 1739 pro
560 1655 697 1718 Veneria
717 1655 866 1738 corporis
888 1655 1111 1732 oblectatione,
1128 1678 1228 1740 reque

178 1743 388 1824 uoluptatum,
407 1741 552 1824 positum
575 1761 656 1814 esse,
680 1741 771 1822 apud
793 1761 848 1802 eos
871 1740 990 1822 ntique,
1015 1741 1072 1822 qui
1094 1741 1226 1816 Latine,

178 1848 275 1909 quam
291 1824 439 1898 barbare,
455 1825 543 1907 toqui
556 1825 677 1906 potius,
695 1825 747 1886 oet
760 1825 950 1905 scriptitare
962 1847 998 1887 se
1012 1827 1150 1897 student,
1165 1834 1226 1887 etc.

224 1908 325 1970 XIII.
351 1907 479 1970 HIER.
506 1906 743 1971 COLUMNA
769 1907 810 1970 ad
837 1906 933 1969 Ennii
959 1907 1069 1991 fragm.
1096 1931 1126 1992 p.
1156 1913 1227 1971 178.

181 1994 256 2057 edit.
274 1994 366 2056 Hess.

189 2147 193 2151 ,
227 2080 397 2144 Cornelius
417 2079 547 2154 Gattns,
565 2080 657 2164 cnjus
672 2081 702 2142 si
714 2099 874 2163 germana
889 2087 973 2152 sunt,
989 2099 1060 2161 qua
1076 2081 1109 2142 in
1124 2081 1225 2143 mani-

181 2167 240 2229 bus
255 2165 418 2239 babemus,
432 2164 623 2249 effoetajam
639 2163 742 2227 Musa
757 2165 885 2226 uidetur
900 2165 1055 2226 cecinisse
1067 2190 1079 2226 .·

228 2251 328 2312 Ortus
343 2257 458 2311 oroncta
471 2270 547 2310 suos
562 2256 721 2330 repetunt,
738 2257 933 2331 matremque
948 2249 1128 2331 requirunt,
1144 2258 1205 2313 etc.

230 2333 325 2396 XIV.
356 2331 504 2394 MART.
536 2330 643 2394 ANT.
675 2330 894 2406 DELRIUS,
925 2331 958 2394 in
986 2333 1164 2396 Comment.
1189 2335 1230 2397 ad

184 2419 313 2482 Senecae
331 2416 459 2501 Hippol.
478 2416 579 2479 Partis
595 2415 625 2479 ii.
645 2409 806 2501 Syntagm.
823 2417 854 2478 T
854 2439 918 2499 rag.
936 2417 1007 2480 Lat.
1023 2441 1053 2502 p.
1069 2423 1130 2482 93:

225 2537 465 2610 Maaimiartns,
483 2537 517 2598 in
532 2535 666 2619 querela
682 2537 877 2599 senectutis:

315 2622 410 2685 Certe
426 2618 551 2681 difficile
568 2629 614 2680 est
629 2619 819 2681 abscondere
834 2618 968 2702 pectoris
983 2619 1080 2702 ignes,

358 2704 511 2768 Panditur
527 2714 559 2767 et
573 2703 678 2767 clauso
693 2704 805 2789 saepius
820 2726 873 2767 ore
889 2704 983 2768 firror.

228 2838 380 2901 Furorem
401 2839 517 2924 posuit
534 2861 600 2921 pro
624 2861 744 2914 amore,
768 2847 828 2902 ete.
874 2839 965 2902 Diui
987 2848 1093 2903 antem
1116 2839 1233 2902 Mani-

184 2927 310 2988 mianns
320 2946 390 2988 cum
400 2924 588 2986 auctoribus
600 2924 805 3006 Sopbotogii,
817 2932 848 2985 et
858 2924 1000 2984 Poetica
1010 2923 1233 3006 Margarita,-

183 3033 244 3073 non
259 3033 329 3072 cum
344 3011 441 3092 vulgo
462 3007 632 3069 Cornelius
657 3006 785 3069 Gallus.
832 3007 892 3068 Ea
914 3007 1020 3069 tribus
1040 3008 1123 3068 enim
1146 3010 1234 3070 codi-

184 3096 275 3160 cibus
290 3092 521 3173 manuscriptis
537 3092 690 3176 comperi,
705 3091 788 3154 bunc
807 3091 1060 3168 Maximianum,
1079 3093 1135 3175 qni
1157 3101 1233 3156 tem-

179 3180 316 3266 poribus
327 3177 462 3242 Bo'e'tbii
471 3177 567 3251 uiuit,
581 3197 726 3239 oersunm
736 3176 864 3238 illorum
875 3199 937 3238 non
947 3177 1042 3240 oatde
1053 3178 1234 3262 tepidorum

185 3274 347 3328 auctorem
362 3285 441 3326 esse.
487 3262 576 3324 Unus
591 3263 695 3324 codex
702 3283 807 3346 penes
823 3283 871 3324 me
885 3271 934 3324 est
948 3263 1029 3326 dono
1045 3264 1130 3328 Lud.
1151 3265 1234 3328 Car-

184 3351 287 3412 rionis
300 3350 326 3411 I
326 3349 362 3411 C.
378 3349 463 3412 atter
471 3369 575 3430 penes
594 3347 750 3410 Victorem
765 3346 951 3416 Gisetinum
963 3347 1130 3412 Medicum
1139 3378 1151 3414 .·
1170 3358 1233 3412 ter·

185 3435 329 3516 tinsfnit
342 3434 401 3496 Fr.
419 3432 576 3494 Martinii
595 3431 792 3506 Gaudensis,
808 3433 906 3494 amici
922 3433 983 3494 mei
995 3433 1111 3509 intimi,
1128 3443 1189 3498 etc.

230 3517 307 3580 XV.
332 3515 459 3580 CASP.
484 3514 730 3577 BARTHIUS
754 3513 920 3576 Adversar.
939 3514 993 3577 lib.
1014 3515 1085 3578 xvii.
1105 3538 1172 3599 cap.
1193 3517 1234 3578 xi·

185 3627 207 3689 p
231 3689 426 3774 Suspicatus
451 3707 520 3750 snm
546 3686 732 3770 aliqnando,
760 3685 858 3769 idque
886 3685 967 3748 alibi
997 3685 1236 3751 demonstrdsse

186 3776 262 3839 inde
268 3773 469 3858 puto,mnlta
480 3773 513 3835 in
528 3773 579 3835 bis
588 3771 722 3856 Elegiis
735 3793 806 3834 esse
821 3793 862 3834 ea
876 3771 1041 3836 CnGalto
1057 3774 1233 3858 descripta,

186 3862 247 3924 sed
264 3861 297 3922 in
312 3880 437 3922 sensum
453 3858 550 3941 bajus
565 3856 769 3920 Maximiani
783 3858 924 3919 detorta.

233 3943 328 4006 XVI.
353 3940 477 4005 IDEM
493 3941 625 4004 Adsere.
641 3939 695 4002 lib.
712 3939 773 4002 xxi.
790 3962 857 4024 cap.
874 3939 913 4002 vi.
930 3963 960 4024 p.
979 3946 1079 4004 1029:

232 4029 331 4093 Teres
357 4027 473 4090 collum
499 4029 532 4090 in
560 4027 704 4112 Elegiis,
728 4047 811 4110 quas
836 4049 879 4090 en
909 4028 1005 4091 Corn.
1034 4029 1134 4094 Gallo
1155 4039 1235 4114 puto
